2386 3938
162 171 206 237 82
354 168 428 224 PRO
446 166 476 234 Q.
495 165 625 223 ROSCIO
644 165 819 228 COMOEDO
838 165 981 222 ORATIO.

161 312 287 379 fundum,
305 327 389 380 quem
406 327 425 366 a
441 309 539 366 Florio
553 307 671 364 Roscius
690 311 844 380 acceperat,
862 307 909 363 Hs
924 307 1090 378 000100ος
1106 310 1168 366 inde
1189 339 1190 372 ι

161 383 278 454 petebat
298 381 345 438 Hs
368 382 462 450 1000,
485 381 566 450 quasi
587 379 707 436 Roscius
728 397 780 451 pro
804 379 951 448 societate,
979 397 1038 436 non
1068 398 1118 453 pro
1142 399 1169 436 ae

161 455 272 509 tantum
288 451 444 510 decidisset.
476 453 510 508 In
522 467 577 522 quo
593 450 683 507 omnis
698 467 782 508 causa
794 454 929 508 versatur.
958 449 1069 524 Magna
1082 456 1168 510 auten

163 524 298 582 orationis
314 542 380 595 pars
399 523 504 582 amissa
522 524 572 578 est.

543 703 654 804 'Murra
675 737 792 804 comt.
1190 753 1191 796 ι

128 825 147 889 Ῑ
329 843 490 911 malitiam
517 846 653 909 naturae
675 841 867 908 crederetur.
911 840 946 908 Is
972 843 1102 911 scilicet
1127 846 1170 909 vir

128 903 306 1020 1optimus
339 937 372 999 et
405 931 564 1019 singulari
594 931 657 996 fide
690 929 857 1015 praeditus
890 930 927 996 in
961 953 1023 998 suo
1056 933 1169 999 iudicio

163 1023 229 1088 ruis
256 1022 378 1088 tabulis
407 1021 547 1087 testibus
569 1019 620 1084 uti
642 1022 786 1086 conatur.
831 1016 946 1084 Solent
968 1020 1040 1087 fere
1063 1022 1189 1106 dicere„

163 1112 218 1198 qui
232 1133 290 1197 per
304 1111 434 1176 tabulas
448 1109 471 1192 †
484 1108 631 1174 homines
645 1158 652 1172 .
667 1156 675 1172 .
689 1155 697 1171 .
712 1157 719 1171 .
734 1106 790 1173 citi
807 1108 979 1192 pecuniam
998 1131 1121 1194 expene

162 1201 320 1265 tulenmt:
349 1198 474 1285 ‘Egone
500 1198 602 1262 talem
630 1195 738 1262 virum
764 1216 971 1281 corrumpere
999 1198 1111 1283 potui,
1138 1223 1157 1263 u

162 1309 235 1353 mea
266 1309 363 1354 causa
396 1287 517 1352 falsum
547 1285 583 1349 in
618 1284 761 1349 codicem
791 1283 963 1349 referret?
1019 1285 1189 1372 Expecto,

162 1395 260 1460 quam
283 1397 359 1442 mox
377 1373 523 1440 Ohaerea
544 1373 606 1438 heo
629 1372 777 1438 oratione
794 1375 920 1438 utetur:
944 1372 1074 1459 ‘Egone
1093 1375 1170 1441 hano

162 1484 294 1528 manum
312 1465 442 1549 plenam
460 1460 613 1546 perfidiae
632 1461 744 1526 ethos
764 1459 884 1546 digitos
899 1483 990 1527 meos
1004 1461 1169 1548 impellere
1191 1517 1192 1551 3

161 1551 267 1635 potui,
294 1555 332 1616 ut
358 1550 479 1616 falsum
506 1549 744 1635 perscriberent
771 1549 923 1614 nomen?
970 1549 1098 1626 Quodsi
1119 1553 1170 1616 ille

162 1660 237 1703 suas
264 1637 409 1724 proferet
435 1637 579 1720 tabulas,
606 1637 750 1722 proferet
777 1657 852 1702 suas
875 1659 1002 1725 quoque
1026 1637 1170 1706 Roscius.
1179 1662 1190 1726 ι

32 1797 34 1801 ,
161 1726 235 1794 urit
266 1727 301 1792 in
331 1726 422 1791 illius
454 1726 576 1792 tabulis
604 1724 666 1791 hoo
692 1747 824 1809 nomen,
856 1730 892 1791 at
919 1727 956 1792 in
983 1727 1082 1793 huius
1110 1751 1171 1794 non

125 1816 233 1881 terit.
288 1813 353 1883 Cur
389 1815 498 1900 potius
533 1813 623 1880 illius
660 1834 758 1898 quam
793 1813 889 1880 huius
926 1815 1101 1882 credetur?
1132 1854 1169 1865 —

162 1903 353 1990 Scripsisset
374 1904 441 1987 ille,
464 1903 492 1968 si
513 1925 580 1969 non
599 1903 690 1969 iussu
708 1902 804 1968 buius
823 1924 1000 1988 expensum
1017 1905 1170 1972 tulisset?

163 2031 202 2042 -
236 1992 312 2059 Non
348 1991 532 2076 scripsisset
567 1991 633 2075 hic,
669 1991 755 2076 quod
789 1990 853 2056 sibi
885 2013 1062 2076 expensum
1095 1994 1191 2059 ferri,

159 2081 331 2146 iussisset?
376 2078 462 2146 Nam
490 2101 586 2163 quem
613 2078 654 2144 ad
676 2079 808 2144 modum
830 2083 925 2165 turpe
949 2085 1001 2146 est
1023 2081 1188 2166 scribere,1

162 2168 248 2254 quod
273 2188 341 2233 non
367 2167 536 2250 debeatur,
568 2167 615 2234 sic
645 2167 831 2252 improbum
863 2172 914 2233 est
944 2190 1010 2235 non
1042 2171 1170 2254 referre,

162 2255 248 2340 quod
271 2255 397 2320 debeas
433 2254 545 2338 Aeque
567 2255 655 2322 enim
672 2256 805 2322 tabulae
824 2257 1081 2324 condemnantur
1096 2261 1171 2342 eius,

162 2343 217 2429 qui
235 2365 348 2410 vorum
365 2364 433 2409 non
449 2344 589 2428 rettulit,
611 2349 645 2410 et
667 2344 745 2429 eius,
768 2345 824 2430 qui
836 2345 958 2411 falsum
971 2347 1169 2434 perscripsit.

161 2429 224 2498 Sed
251 2453 312 2516 ego
341 2431 436 2520 copia
462 2435 495 2497 et
521 2431 677 2498 facultate
704 2455 819 2498 causae
847 2435 987 2500 confisus
1009 2435 1084 2501 vide
1110 2459 1169 2522 quo

159 2520 358 2607 progrediar.
404 2519 440 2587 Si
461 2520 590 2586 tabulas
615 2519 649 2586 Ο.
671 2519 813 2587 Fannius
838 2523 962 2608 accepti
984 2527 1018 2608 et
1039 2525 1189 2610 expensis

160 2609 285 2696 profert
308 2629 382 2675 suas
405 2608 441 2674 in
463 2631 556 2676 suam
578 2631 648 2675 rem
671 2631 729 2674 suo
753 2609 916 2678 arbitratu
934 2611 1083 2698 scriptas,
1109 2636 1169 2698 quo

124 2699 268 2766 eminus
300 2698 474 2764 secundum
503 2697 598 2762 illum
628 2696 789 2775 iudicetis,
820 2719 887 2764 non
916 2721 1040 2767 recuso.
1092 2702 1170 2778 Quis

159 2787 221 2853 hoc
247 2787 351 2852 frater
376 2785 484 2869 fratri,
513 2785 585 2870 quis
612 2807 730 2872 parens
751 2786 820 2852 filio
844 2787 976 2872 tribuit,
997 2793 1049 2872 ut,
1072 2791 1170 2874 quod·

159 2898 295 2962 cumque
313 2875 505 2958 rettulisset,
522 2873 556 2937 id
574 2878 682 2939 ratum
699 2873 857 2941 heberet?
892 2875 1015 2943 Raturn
1034 2878 1171 2944 habebit

158 2962 310 3048 Roscius3
332 2964 457 3050 profer,
480 2961 566 3048 quod
588 2962 651 3028 tibi
672 2963 772 3028 fuerit
794 2982 996 3051 persuasum,
1017 2965 1094 3032 huic
1109 2968 1189 3032 erite

158 3073 359 3137 persuasum,
377 3052 463 3137 quod
481 3050 543 3115 tibi
560 3049 659 3115 fuerit
677 3051 861 3136 probatum,
879 3051 955 3118 huic
973 3054 1037 3119 erit
1053 3056 1169 3141 proba·

158 3142 238 3202 tum.
287 3139 389 3206 Paulo
423 3143 498 3205 anto
529 3137 572 3202 M.
599 3137 797 3225 Perpennae,
828 3139 863 3206 P.
897 3138 1009 3208 Saturi
1039 3144 1169 3209 tabulas

157 3227 384 3312 poscebamus,
422 3249 506 3294 nunc
542 3230 630 3307 tuas,
666 3224 701 3292 O.
732 3225 837 3294 Fanni
873 3226 1032 3316 Oboeree,
1068 3233 1169 3297 solius

158 3314 345 3398 flagitamus
369 3320 410 3400 et,
434 3339 497 3400 quo
521 3315 627 3380 minus
651 3315 825 3382 secundum
846 3339 900 3384 eas
919 3319 960 3383 lis
979 3319 1081 3404 detur,
1103 3342 1169 3386 non

123 3402 899 3576 ⁴temtariqlllgddttr‘ttblt
913 3408 1186 3581 &tritt
