2404 3928
282 174 349 231 LIB.
363 177 404 232 IV
437 175 515 233 CAP.
535 183 638 233 14-16
657 183 672 244 s
690 184 802 234 aa-ae.
979 181 1043 246 377

38 320 132 384 rebus
152 319 348 406 intellegens
366 342 446 404 esse,
463 324 501 385 ut
518 342 622 406 nuper
638 317 759 406 (ridete
777 322 917 387 hominis
939 347 1045 390 amen·

38 407 146 492 tiam),
191 412 403 493 posteaquam
439 412 489 474 est
526 410 830 494 conperendinatus,
870 433 942 476 cum
978 413 1045 480 iam

37 517 92 578 pro
112 495 270 562 damnato
291 501 484 598 mortuoque
507 501 601 580 esset,
624 497 708 562 ludis
731 499 927 564 circensibus
950 522 1044 566 mane

38 578 120 667 apud
158 583 196 648 L.
228 583 411 668 Sisennam,
445 607 552 650 mrum
587 586 792 671 primarium,
828 609 901 652 cum
937 593 1046 654 essent

17 671 181 736 strielinia
217 675 321 737 strata
357 676 591 758 argentumque
623 675 805 758 expositum
836 675 872 739 in
903 677 1046 763 aedibus,

38 780 105 823 amn
128 781 193 844 pro
218 761 376 846 dignitate
395 761 430 826 L.
449 757 603 826 Sisennae
626 761 739 828 domus
763 767 849 829 esset
870 765 968 849 plena
989 765 1046 830 ho·

39 847 160 912 minum
188 848 505 934 honestissimorum,
532 850 668 914 accessit
695 851 736 915 ad
762 855 947 938 argentum,
974 875 1046 918 con-

39 936 190 1019 templari
217 958 318 1001 unum
345 937 485 1022 quidque
512 937 616 1003 otiose
644 942 677 1002 et
704 940 907 1005 considerare
929 943 1045 1025 coepit.

39 1021 148 1088 Mirari
168 1025 344 1090 stultitiam
363 1026 429 1108 alii,
453 1025 539 1110 quod
558 1027 593 1090 in
614 1026 687 1111 ipso
709 1027 827 1092 iudicio
850 1029 919 1094 eius
941 1029 1044 1113 ipsius
1110 1049 1113 1054 ·

11 1111 239 1197 ucupiditatis,
266 1113 356 1178 cuius
379 1113 635 1197 insimularetur,
663 1114 879 1201 suspicionem
902 1122 1045 1202 augeret,

40 1199 91 1262 alii
122 1202 315 1289 amentiam,
346 1201 398 1267 cui
430 1202 714 1287 conperendinat0,
746 1225 819 1268 cum
850 1208 920 1269 tam
948 1206 1045 1270 multi

40 1291 134 1353 testes
154 1289 323 1371 dixissent,
346 1290 519 1373 quicquam
536 1290 670 1355 illorum
688 1291 814 1356 veniret
835 1292 871 1355 in
893 1296 1045 1359 mentem.

40 1373 129 1440 Pueri
158 1381 269 1442 autem
292 1376 459 1462 Sisennae,
487 1379 593 1463 oredo,
621 1379 676 1462 qni
699 1379 878 1464 audissent,
905 1383 1045 1464 quaein

41 1462 132 1529 istum
151 1465 342 1530 testimonia
360 1470 470 1530 essent
487 1467 583 1548 dicta,
606 1467 716 1532 oculos
736 1467 774 1532 de
796 1469 862 1533 isto
883 1491 1045 1555 nusquam

13 1549 158 1618 adeicere
177 1575 281 1638 neque
300 1554 342 1618 ab
362 1557 498 1639 argento
517 1554 656 1639 digitum
676 1555 847 1621 discedere.
883 1556 945 1622 Est
968 1559 1045 1623 boni
1062 1571 1097 1620 34

43 1637 148 1706 iudicis
168 1642 280 1727 parvis
299 1663 338 1706 ex
355 1642 452 1706 rebus
470 1641 687 1708 coniecturam
705 1645 810 1709 facere
828 1645 923 1710 unius
942 1647 1044 1711 cuius-

43 1747 96 1809 que
116 1734 150 1794 et
178 1728 365 1813 cupiditatis
388 1733 422 1794 et
444 1731 670 1796 continentiae.
715 1730 777 1806 Qui
799 1752 887 1816 reus,
915 1737 948 1797 et
970 1755 1044 1799 reus

43 1813 107 1900 lege
129 1818 444 1903 comperendinatus,
466 1841 501 1882 re
524 1822 557 1882 et
580 1818 729 1902 opinione
751 1819 920 1884 hominum
942 1842 1045 1904 paene

42 1901 223 1988 damnatus,
248 1909 429 1992 temperare
451 1927 518 1970 non
539 1906 697 1991 potuerit,
720 1907 861 1972 maximo
884 1913 1044 1973 conventu

17 1992 114 2072 uquin
134 1993 172 2058 L.
193 1992 347 2060 Sisennae
375 1998 547 2080 argentum
573 1997 732 2060 tractaret
759 1999 792 2060 et
816 1995 1044 2081 consideraret,

44 2075 119 2146 hunc
136 2086 324 2167 praetorem
342 2083 377 2147 in
395 2082 562 2166 provincia
580 2083 751 2171 quisquam
770 2083 902 2168 putabit
920 2106 940 2149 a
958 2082 1044 2150 Sicu-

44 2163 140 2267 lorum
170 2175 308 2256 argento
336 2170 546 2254 cupiditatem
575 2174 632 2235 aut
658 2193 773 2237 manus
801 2172 965 2238 abstinere
989 2194 1045 2258 po·

44 2255 237 2416 imslledrum,
255 2346 305 2410 nti
331 2345 535 2430 Lilybaeum,
566 2347 650 2410 unde
677 2345 824 2432 digressa
851 2353 902 2412 eat
930 2319 1097 2445 orati0,132

19 2437 232 2516 erevertatur,
258 2433 389 2499 Diocles
413 2437 476 2516 est,
503 2432 668 2519 Pamphili
691 2454 802 2519 gener,
824 2434 914 2498 illius
937 2458 958 2500 a
981 2459 1044 2519 quo

46 2513 151 2598 hydria
170 2522 283 2586 ablata
306 2528 364 2605 est,
386 2520 534 2607 Popilius
558 2521 758 2606 cognomine.
790 2519 844 2586 Ab
867 2522 929 2588 hoe
952 2523 1045 2588 abaci

47 2625 116 2672 vasa
142 2609 266 2692 omnia,
293 2614 331 2674 ut
357 2609 505 2694 exposita
531 2609 676 2694 fuerunt,
704 2609 849 2675 abstulit.
889 2609 987 2676 Dicat
1010 2632 1044 2675 se

47 2689 114 2759 licet
139 2695 271 2781 emisse,
299 2698 418 2763 etenim
445 2697 498 2762 hic
524 2701 658 2782 propter
685 2698 943 2783 magnitudinem
964 2698 1045 2763 furti

48 2787 125 2868 suna,
152 2789 191 2856 ut
217 2786 345 2870 opinor,
372 2785 502 2850 litterae
528 2785 644 2850 factae.
683 2785 784 2851 Iussit
806 2785 1045 2851 Timarchidem

20 2873 211 2938 caestimare
225 2877 407 2959 argentum,
426 2894 490 2957 quo
504 2873 601 2938 modo
616 2873 672 2956 qui
685 2895 836 2958 umquam
855 2873 1045 2939 tenuissime

47 2953 76 3020 in
103 2961 310 3027 donationem
336 2961 534 3026 histrionum
562 2961 756 3026 aestimavit.
806 2960 951 3026 Tametsi
978 2961 1045 3025 iam

48 3041 156 3114 dudum
180 3071 241 3136 ego
265 3071 351 3134 erro,
377 3049 524 3134 quitum
547 3049 652 3115 multa
675 3049 713 3114 de
736 3049 802 3114 tuis
825 3049 1045 3134 emptionibus

47 3135 136 3202 verba
153 3138 272 3204 faciam
290 3144 324 3204 et
347 3159 509 3222 quaeram,
530 3141 640 3202 utrum
664 3137 779 3201 emeris
802 3157 901 3202 necne
924 3141 957 3202 et
980 3159 1044 3221 quo

48 3225 132 3291 modo
150 3230 185 3292 et
203 3226 318 3312 quanti
336 3226 460 3310 emeris,
479 3226 565 3309 quod
582 3225 682 3291 verbo
701 3225 882 3311 transigere
902 3246 1045 3309 possum.

21 3303 106 3376 ³tdde
133 3315 214 3380 mihi
241 3315 411 3400 seriptum,
439 3314 515 3398 quid
539 3313 667 3400 argenti
689 3312 724 3378 in
745 3313 912 3398 provincia
934 3310 1045 3380 Sicilia

49 3403 176 3488 pararis,
202 3404 287 3468 unde
316 3403 455 3488 quidque
483 3405 540 3467 aut
568 3400 681 3486 quanti
708 3402 834 3467 emeris.
879 3401 963 3477 Quid
984 3401 1044 3466 fit?
1062 3413 1096 3460 ss

50 3480 240 3576 Quamquam
262 3513 330 3558 non
352 3491 510 3557 debebam
534 3511 594 3577 ego
618 3490 677 3555 abs
700 3491 733 3556 te
756 3491 816 3556 has
838 3490 967 3556 litteras
989 3509 1044 3573 po·
