2404 3928
166 152 233 214 400
464 151 505 206 IN
523 151 554 209 G.
567 149 721 206 vuum
738 149 819 206 ΔΟΤ.
837 149 872 205 11.

167 294 274 360 solum
302 299 481 380 oporteret,
511 294 568 360 sed
595 293 693 359 etiam
719 315 851 360 necesse
878 296 1149 376 esset,ta1nquan

166 383 229 449 hoo
248 388 379 449 senatus
397 383 584 450 mandasset
604 383 811 468 populusque
828 382 994 448 Romania
1015 380 1150 460 iussisset,

166 471 216 536 ita
247 473 414 556 continuo,
446 472 577 558 signum
602 476 642 536 ut
667 471 902 536 demolirentur
930 474 963 534 et
990 469 1151 536 Messanam

114 570 149 620 ss
168 560 391 644 deportarent,
412 561 595 646 imperavit.
635 559 728 636 Quod
750 580 825 623 cum
847 559 930 642 illis,
952 558 1010 642 qui
1031 557 1152 638 aderat,

166 649 350 734 indignum,
382 649 438 732 qui
465 648 653 731 audiebant,
684 646 874 714 incredibile
900 646 1075 730 videretur,
1101 661 1170 709 nous

167 742 219 801 est
232 738 274 801 ab
288 737 354 801 isto
367 737 474 821 primo
487 737 547 801 illo
561 737 702 800 adventu
715 739 968 820 perseveratum.
1000 733 1153 800 Discedens

166 825 302 889 mandat
331 846 495 910 proagoro
524 822 676 908 Sopatro,
708 823 798 888 cuius
829 824 930 888 verba
956 823 1101 905 audistis,
1126 824 1154 885 ut

167 911 375 996 demoliatu13
411 935 484 978 oum
515 915 695 995 recusaret,
726 911 937 977 vehementer
967 912 1105 977 minatur
1129 913 1155 972 et

167 1001 281 1066 statim
311 1023 349 1066 ex
378 1001 437 1066 illo
465 1001 585 1086 oppido
612 999 837 1085 proficiscitur.
881 999 997 1087 Refert
1023 1023 1089 1065 rem
1111 997 1173 1061 ille-

168 1090 210 1155 ad
221 1094 383 1174 senatum3
393 1090 603 1156 vehementer
615 1089 755 1173 undique
768 1089 975 1154 reclamatur.
998 1085 1031 1153 N
1032 1111 1050 1153 e
1062 1086 1181 1166 multat

166 1179 287 1244 iterum
304 1179 368 1244 iste
386 1178 427 1243 ad
445 1178 521 1243 illos
539 1178 710 1261 aliquanto
731 1180 808 1262 post
829 1177 929 1259 venit,
952 1176 1080 1261 quaerit
1099 1196 1156 1241 con·

166 1267 260 1332 tinuo
292 1267 331 1332 de
363 1268 466 1354 signo.
510 1265 737 1351 Respondetur
767 1265 799 1329 ei
830 1269 982 1330 senatum
1013 1287 1078 1330 non
1101 1285 1157 1349 per·

167 1355 311 1439 mittere3
325 1377 465 1441 poenam
478 1354 597 1438 capitis
610 1353 832 1435 constitutam,
850 1354 880 1418 si
896 1353 1024 1418 iniussu
1043 1355 1156 1419 senatus

166 1443 339 1526 quisquam
380 1444 561 1528 attigisset3
601 1441 697 1507 simul
737 1441 853 1526 religio
892 1445 1157 1508 commemoratu.

167 1530 251 1594 Turn
268 1531 343 1595 iste:
368 1529 498 1606 ‘Quam
516 1529 611 1595 mihi
633 1529 865 1615 religionem
887 1551 1041 1614 narras,
1062 1541 1183 1614 quant

166 1639 341 1702 poenam,
372 1639 481 1702 quem
514 1618 710 1683 senatum?
742 1618 870 1682 vivum
897 1622 935 1682 te
959 1640 1036 1684 non
1057 1617 1157 1682 relin-

167 1728 292 1792 quam3
323 1707 489 1772 moriere
518 1707 656 1792 virgis,
687 1706 764 1769 nisi
793 1705 889 1770 mihi
916 1706 1071 1792 signum
1094 1711 1157 1770 tra·

167 1793 292 1860 ditur?
329 1792 468 1879 Sopater
488 1795 607 1859 iterum
628 1794 709 1858 flens
725 1793 774 1858 ‘ad
796 1797 946 1860 senatum
969 1817 1041 1860 rem
1061 1793 1157 1872 defert

166 1884 263 1948 istius
282 1883 492 1969 cupiditatem
515 1883 684 1966 minasque
708 1883 919 1948 demonstrat.
957 1881 1093 1949 Senator
1113 1879 1157 1944 So

167 1975 263 2056 patro
290 1993 482 2056 responsum
507 1971 635 2036 nullum
663 1970 733 2054 dat,
760 1970 816 2034 sed
843 1975 1026 2037 commotus
1049 1975 1186 2056 portur-¹⁰

116 2106 159 2171 40
167 2059 329 2142 batusque
343 2059 487 2124 discedit.
518 2057 581 2123 Ille
598 2059 759 2144 praetoris
778 2059 953 2125 arcessitus
970 2059 1158 2125 nuntioram

116 2183 149 2232 35
168 2147 379 2228 demonstrat,
401 2149 501 2230 negat
517 2147 587 2210 ullo
608 2147 705 2212 modo
727 2147 798 2211 fieri
819 2169 925 2232 posse.
962 2147 1071 2234 Atque
1089 2148 1156 2212 haee

166 2232 264 2316 (nihil
301 2233 387 2298 enim
423 2234 748 2318 praetermittendum
779 2235 818 2300 de
854 2235 950 2301 istius
983 2234 1157 2320 inpudentia

166 2317 309 2409 videtur)
329 2322 512 2408 agebantur
531 2322 566 2386 in
589 2327 749 2396 conventu
770 2323 881 2409 palam
904 2324 944 2390 de
966 2325 1051 2392 sella
1070 2346 1105 2390 ac
1125 2321 1156 2386 de

115 2409 171 2478 (8⁶)
189 2411 261 2477 loco
289 2410 464 2495 superiore.
509 2408 592 2475 Erat
618 2411 722 2476 hiems
747 2433 886 2495 summa,
913 2417 1102 2498 tempestas,
1126 2413 1185 2473 utu

165 2500 274 2584 ipsum
306 2497 480 2584 Sopatrum
517 2499 621 2564 dicere
655 2500 803 2582 audistis,
839 2499 1033 2586 perfrigida,
1065 2500 1156 2564 imber

166 2588 337 2670 maximus,
355 2608 428 2652 cum
445 2588 509 2651 iste
526 2587 667 2671 imperat
684 2588 864 2672 lictoribus,
881 2593 920 2654 ut
937 2587 1107 2675 Sopatrum
1123 2586 1155 2648 de

166 2676 303 2761 porticu,
321 2676 357 2739 in
371 2697 435 2760 qua
449 2675 520 2761 ipse
539 2675 680 2759 sedebat,
698 2676 909 2761 praecipitem
927 2678 963 2741 in
979 2677 1083 2742 forum
1099 2674 1155 2738 dei-

167 2764 255 2829 ciant
265 2763 451 2849 nudumque
462 2763 671 2828 constituant.
693 2762 758 2829 Vix
772 2768 843 2828 erat
855 2765 918 2830 hoc
931 2766 1028 2849 plane
1043 2762 1154 2846 [etiam

166 2852 371 2936 imperatum,
394 2851 583 2922 camillum
606 2852 783 2937 spoliatum
806 2854 1028 2940 stipatumque
1050 2850 1184 2919 lictori-³⁰

166 2940 227 3004 bus
246 2940 380 3006 videres.
417 2939 535 3004 Omnes
553 2940 587 3004 id
606 2939 677 3005 fore
700 2941 869 3025 putabant,
891 2947 928 3008 ut
951 2943 1154 3024 miseratque

165 3027 319 3094 innocens
338 3029 441 3115 virgis
459 3029 659 3112 caederetur3
678 3028 796 3094 fefellit
814 3029 867 3096 hio
884 3030 1033 3096 homines
1052 3029 1154 3115 opinio.

166 3112 279 3200 Virgis
298 3117 361 3181 iste
379 3115 527 3182 caederet
545 3117 614 3182 sine
632 3138 730 3182 causa
750 3118 873 3184 socium
895 3119 1009 3205 populi
1031 3112 1152 3185 Romani

166 3203 263 3282 atque
295 3205 456 3270 amicum?
504 3203 580 3270 Non
610 3226 712 3290 usque
742 3227 781 3272 eo
814 3211 865 3272 est
890 3208 1073 3293 improbus3
1100 3225 1153 3271 non

166 3287 275 3351 omnia
311 3296 387 3354 sunt
422 3293 457 3356 in
492 3315 556 3358 uno
593 3293 686 3377 vitia3
721 3316 897 3379 numquam
928 3297 993 3362 fuit
1022 3293 1182 3364 crudeles

165 3370 296 3467 Leniter
309 3375 472 3443 hominem
486 3380 723 3465 clementerque
738 3385 869 3468 accepit.
900 3383 1078 3469 Equestres
1091 3383 1152 3449 sunt

165 3454 270 3519 medio
293 3458 422 3528 infore
444 3465 672 3532 Marcellorum
696 3473 833 3553 statuae,
856 3473 940 3538 siout
961 3473 1032 3539 fere
1053 3470 1152 3540 ceteris
