2404 3928
267 190 336 246 LIB.
355 191 394 247 IV
422 192 498 248 GAP.
518 197 623 248 26-28
642 197 657 258 5
676 197 789 248 58-64.
965 194 1030 259 389

42 339 178 420 praetore
195 336 284 402 venit
303 333 490 420 Syracusas.
525 335 588 401 Hic
597 335 715 402 Verres
734 336 946 403 hereditatem
968 339 1031 405 sibi

42 423 154 490 venisse
172 424 350 490 arbitratus
370 428 429 509 est,
451 425 538 509 quod
555 425 591 488 in
609 425 678 489 eius
695 443 832 510 regnum
856 447 893 491 ac
916 449 1030 492 manus

42 517 160 577 uenerat
184 513 226 596 is,
254 532 349 597 quem
371 513 435 578 iste
457 516 491 577 et
513 513 660 578 audierat
682 515 787 578 multa
810 535 917 579 secum
940 537 1031 599 prae-

43 600 117 665 clara
142 601 263 666 babere
290 605 324 666 et
346 601 581 686 suspicabatur.
621 601 727 666 Mittit
749 602 874 666 bomini
897 623 1033 668 munera
1091 616 1097 620 ’

24 689 109 752 ⁵satis
126 689 218 775 large
236 688 318 756 haec
335 688 377 754 ad
393 710 488 776 usum
512 689 737 755 domesticum:
760 691 832 775 olei,
855 690 922 756 vini
946 693 1032 776 quod

42 776 132 842 uisum
154 781 220 861 est,
246 777 346 842 etiam
368 777 470 842 tritici
493 777 579 861 quod
602 778 682 842 satir
706 783 804 862 esset,
828 779 866 844 de
890 780 957 844 suis
981 780 1031 845 de-

43 865 137 930 cumis.
178 864 303 930 Deinde
326 865 434 950 ipsum
456 886 568 951 regem
591 866 632 930 ad
655 887 767 932 cenam
789 867 927 933 uocauit.
967 867 1031 934 Ex-

44 958 121 1018 omat
135 953 244 1039 ample
258 953 492 1039 magnificeque
506 953 696 1038 triclinium3
711 956 843 1039 exponit
858 977 904 1040 aa,
914 957 1031 1040 quibus

43 1040 226 1125 abundabat,
261 1042 403 1126 plurima
439 1046 472 1106 et
501 1041 721 1127 pulcherrima
752 1065 831 1109 vasa
864 1048 1032 1130 argentea3

16 1145 104 1194 unam
119 1130 201 1196 baec
221 1150 319 1195 aurea
335 1130 478 1195 nondum
497 1129 633 1214 fecerat3
656 1130 805 1196 omnibus
824 1136 916 1196 curat
934 1133 1031 1196 rebus

42 1215 221 1284 instructum
237 1221 270 1282 et
287 1221 438 1303 paratum
457 1219 495 1283 ut
513 1218 557 1282 sit
575 1219 766 1284 conuiuium.
804 1217 887 1295 Quid
905 1220 1031 1285 multa?

42 1325 86 1368 rex
109 1307 156 1371 ita
183 1307 346 1389 discessit,
373 1311 411 1370 ut
436 1310 469 1371 et
490 1306 591 1370 istum
614 1307 744 1391 copiose
767 1312 918 1374 ornatum
942 1314 974 1374 et
998 1331 1031 1374 se

42 1391 200 1460 honorifice
238 1397 405 1478 acceptum
438 1394 660 1460 arbitraretur.
707 1394 814 1461 ¹Vocat
846 1397 887 1461 ad
919 1419 1031 1462 cenam

44 1479 138 1546 deinde
168 1484 242 1568 ipse
272 1485 470 1566 praetorem3
503 1483 635 1568 exponit
666 1505 742 1548 suas
775 1485 883 1572 copias
917 1487 1032 1572 omnis,

18 1583 34 1622 1⁵
44 1570 163 1636 nultum
192 1575 380 1657 argentum,
405 1592 472 1636 non
494 1593 597 1655 pauca
620 1571 718 1637 etiam
741 1573 859 1655 pocula
882 1596 920 1638 ex
944 1595 1033 1658 auro,

45 1677 117 1742 quae,
138 1663 177 1724 ut
195 1681 267 1724 mos
287 1662 337 1724 est
358 1659 467 1744 regius
491 1662 524 1723 et
546 1659 685 1727 maxime
708 1660 743 1724 in
766 1658 869 1745 Syria,
893 1663 1031 1747 gemmis

44 1750 119 1810 crant
135 1747 291 1812 distincta
314 1747 512 1813 clarissimis.
543 1746 635 1812 Erat
659 1747 757 1811 etiam
780 1769 846 1820 vas¹
861 1749 1031 1834 vinarium,

44 1852 72 1895 ex
98 1857 159 1901 una
192 1857 323 1922 gemma
349 1835 524 1922 pergrandi
550 1835 653 1899 trulla
679 1839 834 1900 excavata
860 1837 1031 1902 manubrio

44 1941 136 2007 aureo,
169 1925 208 1990 dc
237 1945 314 2008 qua,
337 1924 453 2007 orado,
486 1923 566 1988 satis
593 1923 758 2007 idoneum,
791 1923 871 1987 satis
897 1943 1031 2010 gravem

18 2011 151 2097 uestem,
169 2011 208 2088 Q.
222 2011 407 2095 Minucium,
426 2011 531 2077 dicere
548 2010 693 2077 audistis.
729 2011 795 2076 lste
814 2033 914 2077 unum
934 2013 1031 2098 quod-

45 2101 158 2179 que-vas
171 2101 209 2164 in
222 2121 337 2165 manus
352 2121 487 2182 sumere,
501 2099 642 2182 laudare,
655 2099 776 2165 mirari.
807 2099 878 2165 Rex
892 2102 1032 2188 gaudere

43 2189 168 2266 praetori
200 2189 315 2274 populi
346 2187 485 2253 Romani
517 2187 599 2252 satis
630 2187 804 2254 iucundum
837 2193 870 2254 et
902 2194 1032 2276 gratum

43 2271 109 2339 illud
125 2297 196 2342 esse
216 2277 406 2342 conuiuium.
442 2274 660 2360 Posteaquam
679 2277 753 2342 inde
773 2277 950 2344 discessum
973 2283 1032 2362 est,

43 2363 170 2448 cogitare
188 2364 273 2429 nibil
291 2365 354 2429 iste
373 2363 470 2447 aliud,
494 2365 580 2448 quod
597 2365 670 2448 ipsa
687 2387 739 2429 res
759 2365 945 2451 declaravit,
967 2367 1033 2432 nisi

18 2459 123 2530 ²tquem
153 2453 196 2518 ad
223 2452 354 2518 modum
380 2473 491 2538 regem
519 2474 558 2516 ex
583 2452 750 2537 provincia
777 2453 953 2537 spoliatum
982 2476 1032 2518 cx-

43 2537 228 2626 pilatumque
247 2541 434 2606 dimitteret.
474 2539 581 2604 Mittit
602 2543 756 2626 rogatum
778 2562 858 2606 vasa
881 2563 928 2623 ea,
951 2563 1032 2626 quae
1096 2557 1101 2566 '

43 2627 246 2704 pulcherrima
260 2629 346 2714 apud
358 2651 433 2694 eum
451 2629 593 2712 viderat;
610 2628 660 2693 ait
676 2649 710 2693 se
729 2629 796 2694 suis
815 2629 1032 2694 caelatoribus

43 2715 112 2780 uelle
129 2717 307 2783 ostendere.
348 2716 427 2801 Rex,
451 2717 506 2802 qui
524 2717 619 2782 illum
641 2737 707 2782 non
729 2723 849 2802 nosset,
873 2718 941 2782 cine
963 2717 1033 2782 ulla

43 2805 208 2888 suspicione
240 2804 456 2870 libentissime
488 2804 583 2870 dedit.
631 2804 738 2870 Mittit
769 2806 868 2871 etiam
897 2805 1032 2870 trullam

16 2897 210 2972 logemmeam
232 2897 398 2980 rogatum3
423 2893 509 2958 velle
532 2915 571 2958 ae
588 2915 660 2959 eam
680 2893 867 2980 diligentius
890 2891 1032 2958 conside

41 2996 108 3045 rare.
147 2982 199 3049 Ea
222 3003 349 3068 quoque
371 2982 402 3047 ei
422 2981 594 3047 mittitur.-

96 3067 188 3137 Nunc
211 3071 386 3156 reliquum,
412 3070 546 3153 iudices,
574 3069 745 3154 attendite,
768 3067 806 3132 de
830 3089 893 3152 quo
917 3071 950 3133 at
972 3087 1031 3133 vos

1049 353 1082 404 62

1050 2026 1083 2076 63

1041 3030 1084 3094 28

42 3155 164 3224 audistis
183 3163 216 3225 ct
233 3161 373 3244 populus
391 3159 557 3224 Romanus
574 3179 641 3224 non
658 3179 743 3222 nunc
760 3157 901 3241 primum
922 3157 1032 3222 audiet
1050 3107 1084 3158 ⁶4
1154 3199 1158 3209 ·

42 3245 117 3310 etin
139 3248 257 3313 exteris
279 3247 467 3312 nationibus
490 3268 592 3332 usque
615 3245 656 3310 ad
678 3245 811 3310 ultimas
833 3249 938 3310 terras
961 3267 1032 3332 per·

15 3335 182 3417 evagatum
198 3340 256 3401 cst.
289 3333 528 3402 Candelabrum
543 3357 560 3399 e
575 3333 712 3421 gemmis
727 3332 916 3398 clarissimis
935 3352 1031 3420 opere

42 3419 170 3488 mirabili
196 3424 375 3510 perfectum
401 3445 494 3510 reges
516 3423 554 3508 ii,
582 3443 663 3508 quos
683 3422 770 3506 dico,
796 3421 935 3487 Romam
958 3444 1031 3488 cum

42 3509 227 3598 attulissent,
241 3517 298 3578 *ut
324 3511 546 3597 invocpicolio
573 3515 744 3596 ponerent,
776 3509 861 3595 quod
887 3508 1030 3576 nondum

1187 3319 1190 3400 l
