2422 3952
165 141 209 206 48
341 137 413 191 PRO
433 136 509 192 SEX.
529 134 658 190 ROSCIO
676 133 845 190 AMERINO
863 133 1006 189 ORATIO.

167 285 275 370 mique
293 281 450 360 homines,
473 280 529 364 qui
548 279 636 345 omni
654 283 801 363 tempore
823 279 865 343 ad
887 277 1109 364 gubemeeula
1130 277 1171 340 rei

167 373 317 460 publicae
340 369 450 436 sedere
473 368 649 451 debebant,
674 372 785 432 tamen
807 368 842 432 in
865 367 954 452 agris
977 387 1108 450 quoque
1129 387 1173 429 oo·

168 461 271 528 lendis
299 461 503 544 aliquantum
526 477 643 540 operae
666 456 887 541 temporisque
910 455 1174 540 consumpserint,

167 549 295 638 ignosci
314 550 463 634 oportere
482 545 512 610 ei
529 544 663 627 homini,
687 544 743 628 qui
766 565 800 610 se
822 544 966 610 fateatur
989 564 1060 608 esse
1085 542 1174 606 rusti·

169 661 251 722 oum,
268 659 343 703 oum
356 635 424 700 ruri
438 632 587 698 assiduus
602 654 730 717 semper
743 632 874 716 vixerit,
893 654 966 698 cunr
985 631 1194 717 praesertim

168 728 251 793 nihil
272 727 371 806 esset,
394 722 480 806 quod
503 726 561 787 eut
582 721 669 806 patri
693 718 819 807 gratius
842 724 900 786 aut
923 720 988 786 sibi
1009 719 1174 786 iucundius

170 819 227 881 aut
249 835 284 877 re
306 833 386 876 vera
406 810 576 876 honestius
598 809 705 876 faeere
728 814 849 894 posset.

117 915 151 964 52
236 900 354 966 Odium
380 899 483 985 igitur
511 899 703 964 acerrimum
730 898 835 983 patris
862 897 898 962 in
919 897 1025 962 filium
1047 919 1091 962 ex
1112 897 1174 976 hoe,

170 991 299 1077 opinor,
327 986 520 1071 ostenditur,
542 985 654 1070 Eruci,
677 987 763 1070 quod
786 987 871 1050 huno
893 986 963 1050 ruri
985 1007 1058 1050 esse
1082 984 1174 1070 petie

169 1081 276 1146 batur.
316 1075 483 1160 Numquid
503 1079 554 1140 est
576 1074 686 1140 eliud?
710 1074 826 1140 ‘Immo
849 1073 948 1156 vero',
966 1074 1086 1158 inquit,
1109 1073 1175 1152 (θεῖς
1187 1089 1196 1124 1¹

170 1191 246 1233 nem
280 1167 381 1230 istum
415 1163 609 1230 exheredare
639 1162 675 1226 in
706 1163 814 1228 animo
845 1161 1010 1226 habebat?
1063 1161 1175 1240 Ande

170 1277 255 1322 nune
283 1255 362 1319 diois
385 1252 520 1336 aliquid,
548 1251 634 1335 quod
657 1251 789 1316 adrem
811 1251 988 1336 pertineat,
1014 1271 1094 1315 nam
1116 1248 1175 1326 illa,

172 1366 191 1411 o
214 1345 299 1426 inor,
327 1346 365 1406 tu
392 1361 519 1424 quoque
547 1338 694 1404 concedis
722 1339 808 1404 levia
834 1359 904 1403 esse
932 1342 1031 1422 atque
1057 1339 1174 1422 inepta:

171 1367 340 1498 ‘donvivia
366 1449 440 1493 oum
467 1429 560 1512 patre
584 1448 651 1490 non
673 1426 798 1491 inibat?
843 1425 982 1510 Quippe,
1006 1427 1064 1510 qui
1087 1424 1174 1490 nein

171 1517 327 1604 oppidum
346 1515 476 1598 quidem
497 1514 562 1578 nisi
584 1536 717 1598 perraro
738 1515 872 1580 veniret.
910 1513 1066 1580 ‘Domum
1090 1533 1173 1578 suam
1185 1523 1196 1566 ¹1

171 1608 272 1671 istum
298 1624 365 1669 non
386 1602 454 1668 fere
477 1603 649 1687 quiequam
671 1602 832 1669 vocabat?
872 1600 941 1668 Nee
965 1603 1100 1686 mirum,
1127 1600 1196 1684 qui¹

121 1703 274 1779 19neque
289 1693 324 1758 in
341 1692 422 1757 urbe
440 1690 564 1757 viveret
582 1713 685 1775 neque
703 1694 912 1757 revocaturus
932 1695 1027 1756 esset.
1059 1691 1173 1757 Verum
1195 1741 1196 1770 ,

171 1786 251 1850 haee
273 1788 311 1848 tu
334 1801 462 1866 quoque
484 1779 649 1866 intellegis
673 1801 743 1844 esse
765 1779 952 1866 nugatoria3
976 1781 1074 1862 illud,
1098 1775 1173 1862 quod

172 1873 345 1959 coepimus,
366 1869 543 1954 videamus,
566 1890 630 1952 quo
651 1868 770 1933 certius
793 1872 1022 1954 argumentum
1046 1867 1113 1933 odii
1134 1885 1172 1928 re·

119 1975 153 2025 53
172 1961 271 2047 periri
299 1959 391 2025 nullo
420 1958 516 2023 modo
543 1960 661 2042 potest.
707 1955 927 2022 ‘Exheredare
954 1961 1050 2042 pater
1078 1956 1195 2020 filiuns

172 2045 360 2133 cogitabat?
410 2045 508 2109 Mitto
541 2066 709 2128 quaerere,
741 2065 805 2128 qua
837 2044 876 2109 de
908 2066 1020 2129 oausa3
1053 2061 1172 2130 quaero,

174 2137 229 2220 qui
257 2134 354 2216 soias3
383 2132 516 2196 temetsi
542 2136 576 2196 te
604 2132 709 2197 dicere
736 2135 833 2217 atque
857 2153 1045 2198 enumerare
1068 2149 1172 2199 oauses

173 2222 279 2288 omnis
298 2220 480 2305 oportebat,
503 2223 536 2284 et
556 2219 590 2284 id
613 2225 684 2286 erat
706 2221 787 2287 certi
809 2222 1006 2286 eoeusatorie
1030 2221 1172 2296 officium,

174 2311 230 2396 qui
256 2309 342 2373 tanti
369 2308 499 2373 sceleris
527 2313 691 2394 argueret,
718 2309 878 2394 explicare
907 2310 1016 2374 omnia
1039 2311 1121 2375 vitia
1144 2325 1173 2369 ae

173 2401 306 2485 peecata
325 2396 394 2480 filii,
418 2397 535 2480 quibus
556 2397 706 2462 incensus
729 2419 847 2481 parens
869 2399 1014 2482 potuerit
1037 2393 1195 2464 animumll

172 2486 332 2570 inducere,
350 2488 387 2549 ut
404 2489 557 2566 naturam
574 2485 682 2569 ipsam
700 2485 852 2569 vinceret,
869 2490 907 2551 ut
926 2508 1070 2551 amorem
1089 2486 1172 2551 illum
1194 2461 1195 2536 i

173 2574 303 2662 penitus
327 2573 462 2638 insitum
486 2574 602 2638 eiceret
625 2595 664 2638 ex
687 2574 809 2658 animo,
836 2577 873 2638 ut
896 2574 1032 2658 denique
1055 2579 1172 2660 patrem

174 2685 245 2729 esse
278 2683 348 2728 sese
381 2661 640 2745 oblivisceretur3
674 2683 756 2746 quoe
788 2662 857 2726 sine
889 2663 1017 2749 magnis
1050 2664 1172 2729 huiusce

122 2771 156 2819 54
174 2751 314 2838 peccatis
343 2749 485 2816 aooidere
511 2751 656 2834 potuisse
683 2771 749 2816 non
774 2751 925 2816 arbitror.
964 2750 1089 2817 Verum
1111 2769 1172 2815 oon-

175 2842 252 2906 eedo
269 2839 354 2918 tibi,
387 2843 424 2905 ut
451 2860 490 2904 ea
515 2843 715 2923 praetereas,
746 2861 828 2922 quae
856 2859 929 2904 eum
956 2844 1059 2923 taces,
1092 2837 1194 2904 nullut

175 2951 245 2994 esse
286 2926 447 3011 coneedis3
489 2927 572 2991 illud
613 2927 755 3011 quidem,
797 2927 939 2993 voluisse
980 2929 1172 3001 exheredare,

175 3020 262 3081 certe
297 3020 336 3082 tu
393 3017 504 3081 lanum
539 3014 646 3081 faeere
682 3014 788 3080 debes.
838 3014 921 3091 Quid
955 3037 1034 3102 ergo
1067 3016 1172 3090 adfers,

176 3124 275 3187 quare
301 3103 335 3168 id
361 3037 484 3170 dotum
511 3105 685 3188 putemus?
729 3103 815 3168 Vere
841 3104 926 3168 nihil
947 3108 1042 3189 potes
1067 3106 1172 3178 dioere3

175 3192 262 3276 finge
290 3190 413 3274 aliquid
441 3192 557 3257 saltem
586 3192 766 3275 oommode,
793 3195 830 3257 ut
856 3213 898 3257 ne
924 3193 1021 3277 plane
1043 3188 1171 3258 videaris

174 3279 208 3343 id
229 3277 349 3360 faeere,
376 3280 460 3361 quod
484 3284 596 3364 aperte
617 3279 713 3363 faeie,
735 3280 831 3346 huius
854 3281 965 3346 miseri
987 3281 1125 3348 fortunis
1145 3247 1194 3339 eti

174 3367 292 3430 horum
310 3364 455 3432 virorum
478 3368 595 3432 talium
617 3368 770 3454 dignitati
794 3368 938 3434 illudere.
979 3369 1170 3435 Exheredere
1193 3359 1194 3384 ¹

175 3453 280 3516 filium
306 3453 418 3516 voluit.
460 3454 564 3530 Quam
592 3457 634 3518 ob
662 3457 815 3522 eausam?
847 3455 1003 3523 ‘Nescio'
1044 3457 1171 3522 Exhere-
