2470 3936
307 149 415 206 ΜΒΝ
447 149 525 206 cAP.
544 157 684 218 ce-sce
705 157 852 208 res-143.
1017 153 1082 218 481

74 317 191 362 causas
216 295 390 380 requiram.
429 295 572 377 Lpoutus
595 300 666 361 eret
687 296 822 362 liberius
844 297 884 362 de
903 297 1001 363 istius
1022 297 1084 362 im-

74 384 242 470 probitate
274 389 373 468 atque
401 385 557 470 nequitia.
602 383 695 460 Quod
721 385 779 450 isti
804 385 942 450 simulac
966 407 1084 451 renun-

74 473 196 537 tiatum
226 475 293 556 est,
323 472 489 537 bominem
520 473 612 538 iubet
643 473 835 556 Lilybaeum
863 473 1084 539 vadimonium

74 560 218 625 Venerio
237 580 330 626 servo
349 561 550 645 promittere.
584 559 767 646 Promittit3
788 561 982 646 Lilybaeum
998 563 1084 627 reni·

46 654 140 713 etur.
185 645 311 734 Cogere
342 669 415 714 eum
447 649 568 734 coepit,
599 671 672 715 cum
704 653 817 736 ageret
846 672 957 735 nemo,
987 671 1082 716 nemo

74 737 269 823 postularet,
288 737 495 822 sponsionem
513 737 538 820 †
555 737 683 802 milium
698 759 868 804 nummum
885 739 992 804 lacere
1010 760 1083 804 cum

74 827 192 892 lictore
206 847 274 908 suo,
292 823 339 890 Νι
353 841 479 891 ruens
494 842 680 902 aurearum
696 843 867 892 recusus.
901 827 1083 912 Recupera-

74 919 165 979 tores
193 935 228 978 se
255 912 295 978 de
322 913 455 979 cohorte
482 935 542 980 sua
568 914 696 980 dicebat
720 915 882 980 daturum.
925 913 1082 981 Servilius

75 1007 110 1068 et
141 1021 290 1067 recusare
320 1006 356 1066 et
382 1001 560 1087 deprecari,
590 1024 632 1068 ne
658 1003 778 1087 iniquis
804 1003 965 1068 iudicibus
991 1005 1082 1069 nullo

35 1108 61 1149 ιο
76 1090 262 1156 adversario
275 1089 429 1156 iudicium
443 1091 562 1175 cepitis
577 1089 613 1154 in
631 1111 667 1156 se
684 1092 944 1157 constitueretur.
976 1091 1065 1157 Haeo
1085 1109 1136 1158 rea

75 1201 150 1244 cum
182 1179 321 1243 maxime
353 1179 554 1263 loqueretur,
588 1200 645 1244 sex
675 1179 807 1246 lictores
839 1179 1084 1246 cueumsistunt

74 1267 293 1332 valentissimi
310 1271 344 1332 et
366 1267 408 1330 ad
429 1267 607 1352 pulsandos
630 1267 911 1354 verberandosque
932 1267 1082 1333 homines

75 1355 346 1439 exercitatissimi,
362 1356 500 1420 oaedrmt
514 1375 678 1420 acerrume
691 1356 808 1442 virgis3
827 1357 964 1441 denique
977 1356 1083 1442 proxi·

75 1465 149 1509 mus
167 1445 276 1528 lictor,
299 1444 425 1528 dequo
448 1443 514 1509 iam
537 1465 634 1528 saepe
657 1443 736 1528 diri,
759 1443 902 1529 Sextius,
926 1465 1082 1512 converso

36 1549 60 1592 n
75 1533 196 1598 bacillo
225 1533 335 1598 oculos
363 1532 481 1597 misero
504 1533 640 1598 tundere
661 1533 944 1598 vehementissime
967 1533 1083 1618 coepit

74 1619 192 1706 Itaque
224 1621 296 1703 ille,
332 1641 406 1686 oum
437 1621 571 1706 sanguis
603 1641 639 1686 os
671 1623 846 1706 oculosque
877 1623 1083 1706 complesset,

75 1709 229 1793 concidit,
261 1729 334 1774 oum
365 1707 416 1772 illi
446 1709 550 1773 nihilo
581 1709 689 1774 minue
720 1710 841 1774 iacenti
871 1710 978 1774 latera
1008 1713 1083 1774 tan·

76 1798 202 1880 dorent,
233 1801 270 1862 ut
302 1795 476 1882 aliquando
508 1796 666 1882 spondere
696 1819 732 1862 se
764 1796 893 1862 diceret
943 1795 996 1862 Sic
1025 1797 1083 1862 ille

76 1885 215 1951 affectus
254 1885 339 1950 illim
376 1888 448 1949 tum
485 1905 546 1970 pre
583 1888 712 1950 mortuo
749 1886 898 1950 sublatus
931 1885 1082 1970 perbrevi

36 1993 62 2034 ae
75 1978 192 2060 postea
219 1977 270 2038 est
295 1976 451 2040 mortuos.
494 1972 562 2038 Iste
590 1979 699 2038 autem
724 1973 824 2039 homo
843 1973 1001 2038 Venerius
1029 1973 1082 2038 ed·

75 2063 180 2127 fluens
212 2061 301 2128 omni
332 2063 442 2150 lepore
474 2083 512 2127 ac
543 2065 715 2127 venustate
744 2062 783 2127 de
810 2061 904 2126 bunis
931 2061 1021 2127 illius
1048 2062 1083 2127 in

76 2150 155 2216 aede
169 2149 306 2215 Veneris
325 2154 514 2236 argenteum
534 2147 725 2235 Cupidinem
747 2150 867 2235 poenit.
881 2211 888 2224 Α,
907 2147 960 2215 Sic
983 2149 1082 2215 etiam

75 2238 217 2304 fortunis
242 2238 410 2303 hominum
434 2239 631 2304 abutebatur
653 2238 694 2304 ad
716 2242 875 2304 nocturna
897 2242 975 2320 rota
996 2238 1083 2324 eupi-

77 2327 218 2392 ditatum
241 2347 381 2391 suarum.
1091 2379 1136 2443 55

36 2429 61 2472 2⁵
142 2414 228 2480 Nam
247 2413 323 2499 quid
343 2433 403 2499 ege
423 2413 462 2479 de
479 2414 595 2480 ceteris
613 2414 733 2480 civium
750 2413 973 2479 &munorum
991 2434 1065 2498 sup
1084 2456 1136 2505 143

76 2502 185 2588 pliciis
213 2501 407 2588 singillatim
434 2503 544 2588 potius
569 2521 666 2587 quam
690 2501 870 2588 generatim
893 2505 991 2584 atque
1013 2502 1082 2566 uni·

76 2611 169 2656 verse
200 2589 338 2676 loquar?
386 2589 505 2656 Oaroer
535 2591 606 2673 ille,
638 2590 694 2674 qui
725 2593 776 2655 est
806 2612 828 2656 a
858 2589 1082 2656 crudelissimo

75 2684 217 2763 tyranno
250 2677 406 2763 Dionysio
437 2677 544 2744 factus
576 2675 757 2762 Syracusis,
790 2698 873 2763 quae
904 2677 1083 2742 lautumiae

75 2771 244 2849 vocantur,
265 2767 301 2831 in
322 2767 419 2832 istius
441 2767 578 2851 imperio
601 2766 801 2833 domicilium
823 2765 942 2832 civium
965 2764 1082 2831 Roma·

35 2871 61 2913 ³0
75 2875 194 2920 norum
225 2855 296 2920 fuit.
346 2853 394 2920 Ut
426 2855 561 2939 quisque
591 2855 687 2920 istius
715 2854 859 2920 animum
887 2857 945 2920 aut
971 2854 1082 2919 oculos

75 2941 269 3027 offenderat,
303 2943 337 3007 in
368 2943 545 3009 lautumias
577 2943 692 3008 statim
723 2942 951 3008 coniciebatur.
998 2940 1083 3006 Indi·

75 3052 179 3117 gnum
205 3032 268 3097 hoe
294 3029 389 3096 video
416 3030 519 3096 videri
546 3031 710 3115 omnibus,
736 3030 870 3114 iudices,
897 3034 931 3094 et
956 3029 990 3094 id
1016 3030 1083 3094 iam

74 3120 186 3204 priore
218 3120 359 3204 actione,
390 3139 464 3186 eum
495 3118 576 3185 haec
606 3123 708 3184 testes
740 3118 896 3202 dicerent,
927 3117 1083 3185 intellexi.

73 3206 224 3273 Retineri
261 3208 345 3273 enim
379 3207 504 3292 putatis
537 3212 688 3293 oportere
719 3207 791 3272 iura
821 3205 986 3272 libertatis
1016 3227 1084 3272 non

32 3295 173 3361 amodo
200 3296 268 3380 hic,
294 3296 351 3360 ubi
378 3296 502 3361 tribuni
528 3296 633 3380 plebis
662 3299 750 3379 sunt,
778 3293 834 3360 ubi
859 3295 958 3362 ceteri
980 3295 1084 3381 magi-

74 3388 214 3468 stratus,
246 3382 303 3448 ubi
333 3383 441 3450 forum
471 3383 605 3468 plenum
631 3383 836 3468 iudiciorum,
867 3381 924 3448 ubi
952 3387 1083 3448 senatus

73 3473 264 3556 auctoritas,
282 3471 339 3537 ubi
354 3472 552 3539 existimatio
566 3473 679 3558 populi
692 3471 832 3540 Romani
845 3475 879 3537 et
892 3470 1084 3557 frequentia,

98 3615 102 3625 .
127 3584 226 3627 c1o.11.
241 3589 259 3629 1.
834 3581 867 3632 31
