2470 3936
309 181 376 238 ιιι.
390 182 416 238 v
432 234 434 239 .
448 181 526 239 cAP.
545 187 650 239 ιι-ιι
669 189 685 250 ι
703 189 816 240 es-se.
998 183 1063 248 453

55 327 146 412 cidit,
169 330 337 392 curtante
356 327 453 412 opere
475 327 538 392 iste
560 327 659 392 homo
682 327 908 411 occultaretur,
930 331 968 390 ut
991 347 1064 392 eum

54 437 96 482 ne
116 436 195 481 casu
214 416 344 499 quidem
361 416 533 500 quisquam
551 414 715 501 adspicere
730 416 871 516 posset?
907 413 1064 480 Homines

55 503 226 570 maritumi
257 501 438 588 Syracusis,
474 504 530 588 qui
567 525 662 589 saepe
697 503 793 569 istius
826 503 914 570 ducis
946 524 1065 568 nomen

55 591 238 676 audissent,
266 613 362 678 saepe
383 591 583 675 timuissent,
611 615 683 657 eum
707 592 774 658 eius
798 589 943 658 cruciatu
966 588 1063 675 atque

30 697 42 738 ι
56 680 219 766 supplicio
233 701 365 765 pascere
379 680 491 746 oculos
505 680 711 782 animumque
727 685 914 746 exsaturare
932 681 1063 765 vellent,

55 772 207 854 potestas
239 768 436 870 adspiciendi
466 769 589 834 nemini
619 768 793 835 factatest.
838 767 931 836 Unus
958 731 1115 854 pinriaco

55 858 258 1010 {siffis
276 856 382 1010 ιιι
390 855 929 1012 ιιιῖιιῖιιὲιιὼιιιὲι
950 879 1065 1032 ills

56 1037 94 1099 ut
125 1033 237 1098 videre
254 967 405 1118 tbiretam
422 948 582 1119 {lapsum
590 1055 657 1099 non
683 967 851 1099 ιιιιιιιιι(1
867 1035 914 1098 Αι
941 1038 1065 1120 contra,

18 1137 43 1178 1⁰
57 1143 260 1206 quacumque
277 1122 342 1187 iter
360 1120 447 1206 feeit,
469 1122 533 1187 hoc
554 1121 820 1188 iucundissimum
843 1123 1064 1208 spectaculum

57 1209 210 1276 omnibus
236 1209 419 1276 vinctorum
446 1214 678 1295 captorumque
705 1211 850 1276 hostium
876 1211 1064 1296 praebebat,

55 1299 170 1383 itaque
193 1297 223 1363 ei
245 1319 418 1364 concursus
440 1298 563 1364 fiebant
548 1298 735 1384 tundique,
758 1302 883 1365 utnon
905 1299 1001 1365 modo
1025 1321 1064 1364 ex

55 1387 97 1452 iis
131 1385 273 1471 oppidis,
305 1409 370 1472 qua
395 1386 608 1472 ducebantur,
640 1386 757 1452 sedt
724 1387 823 1453 etiam
851 1409 890 1453 ex
916 1388 1064 1452 finitimis

56 1475 183 1540 visendi
219 1496 316 1541 causa
353 1475 569 1540 convenirent.
622 1475 698 1561 Ipse
734 1479 843 1541 autern
878 1477 1064 1562 triumphus

21 1577 44 1618 1⁵
58 1584 158 1647 quam
186 1562 227 1628 ob
253 1585 322 1628 rem
345 1563 489 1628 omnium
511 1563 752 1648 triumphorum
776 1564 983 1651 gratissimus
1006 1587 1064 1650 po-

56 1651 152 1737 pulo
159 1650 307 1718 Romano
334 1650 398 1716 fuit
426 1655 459 1716 et
484 1651 756 1718 iucundissimus?
796 1651 879 1728 Quia
905 1653 988 1718 nihil
1004 1657 1065 1719 est

55 1739 197 1806 ιιιιοιιι
223 1739 362 1823 dulcius,
393 1740 519 1805 nullum
549 1743 600 1804 est
623 1743 732 1806 autem
753 1740 978 1822 testimonium
1001 1742 1064 1807 ric·

56 1827 163 1894 toriae
198 1828 318 1894 certius
354 1849 465 1912 quam,
501 1849 582 1911 quos
614 1849 710 1912 saepe
742 1829 927 1919 metueris,
945 1849 1000 1894 eos
1030 1832 1064 1894 te

55 1916 184 1982 vinctos
210 1915 254 1981 ad
276 1915 470 2000 supplicium
494 1915 566 1981 duci
588 1915 705 1981 videre
745 1915 854 1982 Hoct
839 1919 877 1982 tu
900 1938 997 2001 quam
1021 1919 1064 1982 oh
1081 1929 1115 1981 ιι

22 2019 127 2070 orem
148 2025 216 2070 non
237 2003 368 2070 fecisti?
396 2025 494 2088 quam
518 2004 560 2069 ob
583 2025 652 2070 rem
674 2005 722 2069 ιιι
744 2005 852 2089 pirate
874 2005 937 2070 iste
961 2006 1063 2072 occul-

55 2096 148 2158 tatus
167 2094 226 2176 est,
249 2092 342 2176 quasi
360 2113 434 2157 eum
452 2091 553 2176 aspici
544 2091 662 2158 nefas
682 2096 767 2158 estse
752 2093 789 2158 t?
808 2114 906 2177 quam
929 2094 971 2160 ob
993 2115 1064 2159 rem

57 2180 254 2266 supplicium
271 2201 338 2247 non
355 2179 547 2266 sumpsisti?
570 2203 667 2265 quam
686 2182 729 2246 oh
748 2203 879 2247 causam
899 2181 1064 2248 hominem

56 2268 254 2336 reservasti?
277 2290 410 2353 ecquem
428 2268 491 2334 scis
509 2269 545 2333 in
562 2266 749 2334 Sieiliat
692 2291 734 2336 an
734 2273 788 2335 tea
808 2274 940 2356 captum
963 2273 1064 2337 erchi-

55 2358 214 2442 piratam,
240 2357 296 2441 qui
322 2377 389 2422 non
416 2357 519 2422 securi
546 2377 718 2441 percussus
742 2357 807 2422 sit?
852 2357 962 2426 Unum
985 2361 1063 2426 cedo

24 2449 225 2511 cauctorem
252 2445 302 2510 tui
329 2444 421 2529 fecti,
448 2445 543 2510 unius
569 2444 681 2529 profer
706 2445 898 2530 exemplum.
942 2446 1064 2512 Vivum

56 2537 92 2598 tu
121 2532 354 2618 archipiratam
382 2533 604 2598 servabas-
634 2532 721 2616 quo?
765 2530 828 2597 Per
852 2529 1064 2619 triumphum,

57 2621 167 2704 credo,
194 2642 289 2705 quem
315 2625 390 2688 ante
413 2641 542 2686 currum
564 2623 657 2685 tuum
680 2620 824 2705 duceres3
850 2623 1064 2706 nequeenim

58 2710 231 2810 quicquam
263 2713 333 2775 erat
359 2709 533 2793 reliquum,
564 2708 628 2772 nisi
655 2709 705 2774 ιιιι
731 2709 834 2774 classe
861 2710 975 2795 populi
1001 2710 1095 2778 Ro

57 2797 147 2864 mani
165 2797 382 2882 pulcherrime
401 2795 522 2862 amissa
538 2796 770 2882 provinciaque
788 2798 911 2864 lacera
896 2802 932 2864 ι
951 2798 1063 2865 trium·

23 2886 142 2972 ephes
164 2885 228 2950 tibi
249 2885 376 2951 navalis
399 2884 1129 2952 decerneretur..

124 2973 198 3060 Age
216 2994 323 3059 porro,
346 2972 501 3040 custodiri
518 2972 631 3039 ducem
649 2973 849 3057 praedonum
865 2995 950 3040 novo
974 2942 1115 3072 meroz}

58 3085 156 3148 quem
189 3062 293 3128 securi
323 3060 415 3127 feriri
446 3061 589 3126 omnium
622 3063 768 3145 exemplo
798 3062 904 3147 magis
930 3062 1063 3147 placuit.

58 3151 147 3228 Quae
167 3154 243 3215 sunt
259 3151 343 3218 istae
366 3149 552 3216 custodiae?
575 3149 662 3235 apud
684 3171 765 3234 quos
788 3150 944 3235 homines,
968 3172 1063 3234 quem

59 3241 98 3304 ed
130 3238 263 3304 modum
290 3242 341 3304 est
367 3238 579 3304 adservatus?
623 3236 814 3304 Lautumias
842 3235 1069 3322 Syracusanas

25 3341 46 3384 ιι
59 3349 171 3394 omnes
204 3326 321 3392 audiet
297 3331 354 3413 trs,
389 3325 536 3411 plerique
569 3330 644 3392 nost
645 3325 682 3391 is
736 3325 825 3412 Opus
858 3328 948 3392 est
938 3348 1063 3414 ingens,

58 3415 277 3519 magnificum,
299 3436 413 3502 regum
431 3436 470 3480 ac
492 3418 719 3500 tyrannorum
741 3418 847 3480 totum
871 3418 922 3480 est
943 3437 961 3480 e
984 3437 1062 3480 saxo

58 3505 91 3572 ιιι
109 3503 292 3571 mirandam
311 3503 386 3569 altit
386 3501 516 3568 udinem
535 3501 686 3587 depresso
705 3507 739 3569 et
756 3501 934 3570 multorum
955 3504 1065 3587 operis
