<?xml version="1.0" encoding="UTF-8"?>
<!DOCTYPE html PUBLIC "-//W3C//DTD XHTML 1.0 Transitional//EN"
    "http://www.w3.org/TR/xhtml1/DTD/xhtml1-transitional.dtd">
<html xmlns="http://www.w3.org/1999/xhtml" xml:lang="en" lang="en">
 <head>
  <title>
</title>
<meta http-equiv="Content-Type" content="text/html;charset=utf-8" />
  <meta name='ocr-system' content='tesseract 3.04.00' />
  <meta name='ocr-capabilities' content='ocr_page ocr_carea ocr_par ocr_line ocrx_word'/>
</head>
<body>
  <div class='ocr_page' id='page_1' title='image "./mtulliiciceroni02mlgoog/mtulliiciceroni02mlgoog_0254.png"; bbox 0 0 2386 3938; ppageno 0'>
   <div class='ocr_carea' id='block_1_1' title="bbox 330 159 1013 228">
    <p class='ocr_par' dir='ltr' id='par_1_1' title="bbox 330 159 1013 228">
     <span class='ocr_line' id='line_1_1' title="bbox 330 159 1013 228; baseline 0.018 -14"><span class='ocrx_word' id='word_1_1' title='bbox 330 159 406 215; x_wconf 79' lang='lat' dir='ltr'><strong>cnr.</strong></span> <span class='ocrx_word' id='word_1_2' title='bbox 427 166 531 217; x_wconf 77' lang='lat' dir='ltr'><strong>14-1n</strong></span> <span class='ocrx_word' id='word_1_3' title='bbox 549 165 565 228; x_wconf 70' lang='lat' dir='ltr'><strong>s</strong></span> <span class='ocrx_word' id='word_1_4' title='bbox 583 166 696 216; x_wconf 77' lang='lat'>42-51.</span> <span class='ocrx_word' id='word_1_5' title='bbox 952 163 1013 228; x_wconf 75' lang='lat'><strong>137</strong></span> 
     </span>
    </p>
   </div>
   <div class='ocr_carea' id='block_1_2' title="bbox 19 304 1072 3560">
    <p class='ocr_par' dir='ltr' id='par_1_2' title="bbox 19 304 1072 3568">
     <span class='ocr_line' id='line_1_2' title="bbox 46 304 1016 391; baseline 0.004 -23"><span class='ocrx_word' id='word_1_6' title='bbox 46 304 118 368; x_wconf 89' lang='lat' dir='ltr'><strong>netsi</strong></span> <span class='ocrx_word' id='word_1_7' title='bbox 144 325 204 370; x_wconf 89' lang='lat' dir='ltr'><strong>non</strong></span> <span class='ocrx_word' id='word_1_8' title='bbox 232 305 483 390; x_wconf 86' lang='lat' dir='ltr'><strong>reprehendunt,</strong></span> <span class='ocrx_word' id='word_1_9' title='bbox 513 309 624 372; x_wconf 90' lang='lat' dir='ltr'><strong>tamen</strong></span> <span class='ocrx_word' id='word_1_10' title='bbox 659 325 779 390; x_wconf 74' lang='lat' dir='ltr'><strong>magno</strong></span> <span class='ocrx_word' id='word_1_11' title='bbox 806 324 902 390; x_wconf 86' lang='lat' dir='ltr'><strong>opere</strong></span> <span class='ocrx_word' id='word_1_12' title='bbox 929 307 1016 391; x_wconf 91' lang='lat' dir='ltr'><strong>quod</strong></span> 
     </span>
     <span class='ocr_line' id='line_1_3' title="bbox 45 391 1016 477; baseline 0.004 -21"><span class='ocrx_word' id='word_1_13' title='bbox 45 391 156 476; x_wconf 72' lang='lat' dir='ltr'><strong>laudent,</strong></span> <span class='ocrx_word' id='word_1_14' title='bbox 174 413 239 458; x_wconf 88' lang='lat' dir='ltr'><strong>non</strong></span> <span class='ocrx_word' id='word_1_15' title='bbox 259 392 395 477; x_wconf 89' lang='lat' dir='ltr'><strong>habent;</strong></span> <span class='ocrx_word' id='word_1_16' title='bbox 417 393 510 461; x_wconf 92' lang='lat' dir='ltr'><strong>nulla</strong></span> <span class='ocrx_word' id='word_1_17' title='bbox 532 396 583 458; x_wconf 88' lang='lat' dir='ltr'><strong>est</strong></span> <span class='ocrx_word' id='word_1_18' title='bbox 605 393 692 458; x_wconf 88' lang='lat' dir='ltr'><strong>enim</strong></span> <span class='ocrx_word' id='word_1_19' title='bbox 714 392 786 458; x_wconf 84' lang='lat' dir='ltr'><strong>leus</strong></span> <span class='ocrx_word' id='word_1_20' title='bbox 807 393 855 458; x_wconf 89' lang='lat' dir='ltr'><strong>ibi</strong></span> <span class='ocrx_word' id='word_1_21' title='bbox 878 396 1016 460; x_wconf 88' lang='lat' dir='ltr'><strong>esee-in·</strong></span> 
     </span>
     <span class='ocr_line' id='line_1_4' title="bbox 44 481 1016 566; baseline 0.008 -24"><span class='ocrx_word' id='word_1_22' title='bbox 44 485 154 564; x_wconf 79' lang='lat' dir='ltr'><strong>tegnam,</strong></span> <span class='ocrx_word' id='word_1_23' title='bbox 182 481 238 545; x_wconf 89' lang='lat' dir='ltr'><strong>nbi</strong></span> <span class='ocrx_word' id='word_1_24' title='bbox 268 501 363 547; x_wconf 89' lang='lat' dir='ltr'><strong>nemo</strong></span> <span class='ocrx_word' id='word_1_25' title='bbox 395 483 458 565; x_wconf 89' lang='lat' dir='ltr'><strong>est,</strong></span> <span class='ocrx_word' id='word_1_26' title='bbox 490 481 546 566; x_wconf 89' lang='lat' dir='ltr'><strong>qui</strong></span> <span class='ocrx_word' id='word_1_27' title='bbox 578 483 635 547; x_wconf 90' lang='lat' dir='ltr'><strong>aut</strong></span> <span class='ocrx_word' id='word_1_28' title='bbox 665 481 772 565; x_wconf 78' lang='lat' dir='ltr'><strong>possit</strong></span> <span class='ocrx_word' id='word_1_29' title='bbox 798 485 856 556; x_wconf 80' lang='lat' dir='ltr'><strong>aut</strong></span> <span class='ocrx_word' id='word_1_30' title='bbox 883 486 1016 550; x_wconf 84' lang='lat' dir='ltr'><strong>conetur</strong></span> 
     </span>
     <span class='ocr_line' id='line_1_5' title="bbox 44 567 1068 654; baseline 0.002 -22"><span class='ocrx_word' id='word_1_31' title='bbox 44 589 221 654; x_wconf 77' lang='lat' dir='ltr'><strong>onnnmpere.</strong></span> <span class='ocrx_word' id='word_1_32' title='bbox 270 567 342 634; x_wconf 89' lang='lat' dir='ltr'><strong>Hoc</strong></span> <span class='ocrx_word' id='word_1_33' title='bbox 368 572 419 634; x_wconf 90' lang='lat' dir='ltr'><strong>est</strong></span> <span class='ocrx_word' id='word_1_34' title='bbox 444 568 612 652; x_wconf 85' lang='lat' dir='ltr'><strong>iudicium,</strong></span> <span class='ocrx_word' id='word_1_35' title='bbox 642 569 678 637; x_wconf 89' lang='lat' dir='ltr'><strong>in</strong></span> <span class='ocrx_word' id='word_1_36' title='bbox 706 591 769 654; x_wconf 90' lang='lat' dir='ltr'><strong>quo</strong></span> <span class='ocrx_word' id='word_1_37' title='bbox 796 591 854 634; x_wconf 84' lang='lat' dir='ltr'><strong>vos</strong></span> <span class='ocrx_word' id='word_1_38' title='bbox 883 571 923 635; x_wconf 90' lang='lat' dir='ltr'><strong>de</strong></span> <span class='ocrx_word' id='word_1_39' title='bbox 951 591 1015 654; x_wconf 75' lang='lat' dir='ltr'><strong>reo,</strong></span> <span class='ocrx_word' id='word_1_40' title='bbox 1033 585 1068 634; x_wconf 74' lang='lat'><strong>4⁷</strong></span> 
     </span>
     <span class='ocr_line' id='line_1_6' title="bbox 27 655 1016 830; baseline 0.005 -22"><span class='ocrx_word' id='word_1_41' title='bbox 27 655 1016 830; x_wconf 62' lang='lat' dir='ltr'><strong>‘cennens„nnceceunneenes</strong></span> 
     </span>
     <span class='ocr_line' id='line_1_7' title="bbox 175 793 184 828; baseline 0 0"><span class='ocrx_word' id='word_1_42' title='bbox 175 793 184 828; x_wconf 78' lang='lat' dir='ltr'><strong>l</strong></span> 
     </span>
     <span class='ocr_line' id='line_1_8' title="bbox 43 831 1016 918; baseline 0.006 -23"><span class='ocrx_word' id='word_1_43' title='bbox 43 831 255 898; x_wconf 77' lang='lat' dir='ltr'><strong>nocentissimus</strong></span> <span class='ocrx_word' id='word_1_44' title='bbox 297 832 643 918; x_wconf 71' lang='lat' dir='ltr'><strong>pecuniosissimusque</strong></span> <span class='ocrx_word' id='word_1_45' title='bbox 679 832 834 900; x_wconf 86' lang='lat' dir='ltr'><strong>damnari.</strong></span> <span class='ocrx_word' id='word_1_46' title='bbox 891 834 1016 901; x_wconf 88' lang='lat' dir='ltr'><strong>Deinde</strong></span> 
     </span>
     <span class='ocr_line' id='line_1_9' title="bbox 44 919 1016 1006; baseline 0.007 -24"><span class='ocrx_word' id='word_1_47' title='bbox 44 923 76 982; x_wconf 90' lang='lat' dir='ltr'><strong>est</strong></span> <span class='ocrx_word' id='word_1_48' title='bbox 95 920 153 986; x_wconf 90' lang='lat' dir='ltr'><strong>eius</strong></span> <span class='ocrx_word' id='word_1_49' title='bbox 179 919 268 986; x_wconf 88' lang='lat' dir='ltr'><strong>modi</strong></span> <span class='ocrx_word' id='word_1_50' title='bbox 294 942 382 1005; x_wconf 86' lang='lat' dir='ltr'><strong>reus,</strong></span> <span class='ocrx_word' id='word_1_51' title='bbox 407 922 444 986; x_wconf 88' lang='lat' dir='ltr'><strong>in</strong></span> <span class='ocrx_word' id='word_1_52' title='bbox 470 943 534 1006; x_wconf 90' lang='lat' dir='ltr'><strong>qno</strong></span> <span class='ocrx_word' id='word_1_53' title='bbox 563 921 694 987; x_wconf 88' lang='lat' dir='ltr'><strong>homine</strong></span> <span class='ocrx_word' id='word_1_54' title='bbox 715 922 799 988; x_wconf 89' lang='lat' dir='ltr'><strong>nihil</strong></span> <span class='ocrx_word' id='word_1_55' title='bbox 821 923 865 986; x_wconf 89' lang='lat' dir='ltr'><strong>sit</strong></span> <span class='ocrx_word' id='word_1_56' title='bbox 886 927 1016 1006; x_wconf 84' lang='lat' dir='ltr'><strong>praeter</strong></span> 
     </span>
     <span class='ocr_line' id='line_1_10' title="bbox 44 1008 1015 1094; baseline 0.007 -24"><span class='ocrx_word' id='word_1_57' title='bbox 44 1029 138 1073; x_wconf 85' lang='lat' dir='ltr'><strong>summa</strong></span> <span class='ocrx_word' id='word_1_58' title='bbox 158 1012 291 1094; x_wconf 84' lang='lat' dir='ltr'><strong>peccata</strong></span> <span class='ocrx_word' id='word_1_59' title='bbox 314 1009 551 1094; x_wconf 81' lang='lat' dir='ltr'><strong>maximamque</strong></span> <span class='ocrx_word' id='word_1_60' title='bbox 573 1008 755 1094; x_wconf 88' lang='lat' dir='ltr'><strong>pecuniam,</strong></span> <span class='ocrx_word' id='word_1_61' title='bbox 777 1013 823 1093; x_wconf 92' lang='lat' dir='ltr'><strong>ut,</strong></span> <span class='ocrx_word' id='word_1_62' title='bbox 846 1011 874 1075; x_wconf 90' lang='lat' dir='ltr'><strong>si</strong></span> <span class='ocrx_word' id='word_1_63' title='bbox 897 1011 1015 1076; x_wconf 90' lang='lat' dir='ltr'><strong>libera-</strong></span> 
     </span>
     <span class='ocr_line' id='line_1_11' title="bbox 21 1096 1016 1182; baseline 0.005 -24"><span class='ocrx_word' id='word_1_64' title='bbox 21 1099 78 1158; x_wconf 75' lang='lat' dir='ltr'><strong>ecus</strong></span> <span class='ocrx_word' id='word_1_65' title='bbox 100 1096 147 1180; x_wconf 90' lang='lat' dir='ltr'><strong>sit,</strong></span> <span class='ocrx_word' id='word_1_66' title='bbox 171 1098 266 1162; x_wconf 87' lang='lat' dir='ltr'><strong>nulla</strong></span> <span class='ocrx_word' id='word_1_67' title='bbox 294 1097 359 1162; x_wconf 83' lang='lat' dir='ltr'><strong>alia</strong></span> <span class='ocrx_word' id='word_1_68' title='bbox 386 1097 526 1181; x_wconf 88' lang='lat' dir='ltr'><strong>suspicio</strong></span> <span class='ocrx_word' id='word_1_69' title='bbox 554 1097 618 1162; x_wconf 89' lang='lat' dir='ltr'><strong>nisi</strong></span> <span class='ocrx_word' id='word_1_70' title='bbox 641 1120 691 1182; x_wconf 87' lang='lat' dir='ltr'><strong>ea,</strong></span> <span class='ocrx_word' id='word_1_71' title='bbox 722 1119 812 1181; x_wconf 85' lang='lat' dir='ltr'><strong>quae</strong></span> <span class='ocrx_word' id='word_1_72' title='bbox 826 1097 1016 1182; x_wconf 83' lang='lat' dir='ltr'><strong>turpissima</strong></span> 
     </span>
     <span class='ocr_line' id='line_1_12' title="bbox 43 1184 1016 1271; baseline 0.007 -26"><span class='ocrx_word' id='word_1_73' title='bbox 43 1187 85 1264; x_wconf 86' lang='lat' dir='ltr'><strong>est,</strong></span> <span class='ocrx_word' id='word_1_74' title='bbox 106 1184 237 1252; x_wconf 84' lang='lat' dir='ltr'><strong>residere</strong></span> <span class='ocrx_word' id='word_1_75' title='bbox 259 1185 379 1270; x_wconf 80' lang='lat' dir='ltr'><strong>possit3</strong></span> <span class='ocrx_word' id='word_1_76' title='bbox 401 1206 468 1251; x_wconf 89' lang='lat' dir='ltr'><strong>non</strong></span> <span class='ocrx_word' id='word_1_77' title='bbox 490 1185 611 1271; x_wconf 78' lang='lat' dir='ltr'><strong>gratia,</strong></span> <span class='ocrx_word' id='word_1_78' title='bbox 633 1207 700 1250; x_wconf 90' lang='lat' dir='ltr'><strong>non</strong></span> <span class='ocrx_word' id='word_1_79' title='bbox 722 1185 928 1270; x_wconf 76' lang='lat' dir='ltr'><strong>cognatione,</strong></span> <span class='ocrx_word' id='word_1_80' title='bbox 949 1208 1016 1252; x_wconf 89' lang='lat' dir='ltr'><strong>non</strong></span> 
     </span>
     <span class='ocr_line' id='line_1_13' title="bbox 43 1270 1015 1359; baseline 0.008 -27"><span class='ocrx_word' id='word_1_81' title='bbox 43 1270 93 1335; x_wconf 85' lang='lat' dir='ltr'><strong>aliis</strong></span> <span class='ocrx_word' id='word_1_82' title='bbox 115 1277 194 1340; x_wconf 89' lang='lat' dir='ltr'><strong>recte</strong></span> <span class='ocrx_word' id='word_1_83' title='bbox 221 1272 335 1356; x_wconf 85' lang='lat' dir='ltr'><strong>factis,</strong></span> <span class='ocrx_word' id='word_1_84' title='bbox 361 1294 428 1339; x_wconf 89' lang='lat' dir='ltr'><strong>non</strong></span> <span class='ocrx_word' id='word_1_85' title='bbox 454 1272 591 1357; x_wconf 89' lang='lat' dir='ltr'><strong>deniqne</strong></span> <span class='ocrx_word' id='word_1_86' title='bbox 618 1273 728 1359; x_wconf 87' lang='lat' dir='ltr'><strong>aliquo</strong></span> <span class='ocrx_word' id='word_1_87' title='bbox 756 1273 908 1339; x_wconf 88' lang='lat' dir='ltr'><strong>mediocri</strong></span> <span class='ocrx_word' id='word_1_88' title='bbox 934 1274 1015 1341; x_wconf 84' lang='lat' dir='ltr'><strong>vitio</strong></span> 
     </span>
     <span class='ocr_line' id='line_1_14' title="bbox 43 1361 1015 1446; baseline 0.003 -23"><span class='ocrx_word' id='word_1_89' title='bbox 43 1361 77 1423; x_wconf 86' lang='lat' dir='ltr'><strong>tot</strong></span> <span class='ocrx_word' id='word_1_90' title='bbox 102 1364 251 1446; x_wconf 83' lang='lat' dir='ltr'><strong>tantaque</strong></span> <span class='ocrx_word' id='word_1_91' title='bbox 280 1361 356 1426; x_wconf 84' lang='lat' dir='ltr'><strong>&#39;eius</strong></span> <span class='ocrx_word' id='word_1_92' title='bbox 392 1361 473 1426; x_wconf 80' lang='lat' dir='ltr'><strong>vitia</strong></span> <span class='ocrx_word' id='word_1_93' title='bbox 509 1362 680 1426; x_wconf 86' lang='lat' dir='ltr'><strong>sublevata</strong></span> <span class='ocrx_word' id='word_1_94' title='bbox 711 1382 782 1426; x_wconf 87' lang='lat' dir='ltr'><strong>esse</strong></span> <span class='ocrx_word' id='word_1_95' title='bbox 812 1362 1015 1428; x_wconf 85' lang='lat' dir='ltr'><strong>ridebuntur.</strong></span> 
     </span>
     <span class='ocr_line' id='line_1_15' title="bbox 43 1443 1068 1536; baseline 0.006 -28"><span class='ocrx_word' id='word_1_96' title='bbox 43 1443 176 1514; x_wconf 89' lang='lat' dir='ltr'><strong>Postremo</strong></span> <span class='ocrx_word' id='word_1_97' title='bbox 204 1469 270 1536; x_wconf 79' lang='lat' dir='ltr'><strong>ego</strong></span> <span class='ocrx_word' id='word_1_98' title='bbox 297 1471 427 1516; x_wconf 76' lang='lat' dir='ltr'><strong>eausam</strong></span> <span class='ocrx_word' id='word_1_99' title='bbox 455 1449 502 1514; x_wconf 89' lang='lat' dir='ltr'><strong>sio</strong></span> <span class='ocrx_word' id='word_1_100' title='bbox 528 1470 638 1535; x_wconf 81' lang='lat' dir='ltr'><strong>agam,</strong></span> <span class='ocrx_word' id='word_1_101' title='bbox 669 1448 803 1534; x_wconf 86' lang='lat' dir='ltr'><strong>iudices,</strong></span> <span class='ocrx_word' id='word_1_102' title='bbox 833 1450 901 1516; x_wconf 87' lang='lat' dir='ltr'><strong>eius</strong></span> <span class='ocrx_word' id='word_1_103' title='bbox 928 1451 1068 1517; x_wconf 74' lang='lat' dir='ltr'><strong>modice</strong></span> 
     </span>
     <span class='ocr_line' id='line_1_16' title="bbox 22 1536 1015 1624; baseline 0.01 -28"><span class='ocrx_word' id='word_1_104' title='bbox 22 1545 86 1617; x_wconf 73' lang='lat' dir='ltr'><strong>tren,</strong></span> <span class='ocrx_word' id='word_1_105' title='bbox 102 1536 142 1602; x_wconf 87' lang='lat' dir='ltr'><strong>ita</strong></span> <span class='ocrx_word' id='word_1_106' title='bbox 161 1542 269 1622; x_wconf 87' lang='lat' dir='ltr'><strong>notas,</strong></span> <span class='ocrx_word' id='word_1_107' title='bbox 291 1537 340 1602; x_wconf 89' lang='lat' dir='ltr'><strong>ita</strong></span> <span class='ocrx_word' id='word_1_108' title='bbox 355 1540 504 1620; x_wconf 77' lang='lat' dir='ltr'><strong>testatas,</strong></span> <span class='ocrx_word' id='word_1_109' title='bbox 526 1537 574 1602; x_wconf 90' lang='lat' dir='ltr'><strong>ita</strong></span> <span class='ocrx_word' id='word_1_110' title='bbox 592 1553 738 1624; x_wconf 77' lang='lat' dir='ltr'><strong>magnes,</strong></span> <span class='ocrx_word' id='word_1_111' title='bbox 760 1538 808 1604; x_wconf 87' lang='lat' dir='ltr'><strong>ite</strong></span> <span class='ocrx_word' id='word_1_112' title='bbox 826 1539 1015 1607; x_wconf 86' lang='lat' dir='ltr'><strong>manifestas</strong></span> 
     </span>
     <span class='ocr_line' id='line_1_17' title="bbox 44 1623 1017 1712; baseline 0.008 -28"><span class='ocrx_word' id='word_1_113' title='bbox 44 1623 184 1710; x_wconf 79' lang='lat' dir='ltr'><strong>proferam,</strong></span> <span class='ocrx_word' id='word_1_114' title='bbox 210 1629 251 1690; x_wconf 91' lang='lat' dir='ltr'><strong>ut</strong></span> <span class='ocrx_word' id='word_1_115' title='bbox 272 1646 368 1691; x_wconf 89' lang='lat' dir='ltr'><strong>nemo</strong></span> <span class='ocrx_word' id='word_1_116' title='bbox 392 1647 412 1701; x_wconf 76' lang='lat' dir='ltr'><strong>a</strong></span> <span class='ocrx_word' id='word_1_117' title='bbox 434 1625 540 1709; x_wconf 86' lang='lat' dir='ltr'><strong>vobis,</strong></span> <span class='ocrx_word' id='word_1_118' title='bbox 562 1630 600 1690; x_wconf 87' lang='lat' dir='ltr'><strong>ut</strong></span> <span class='ocrx_word' id='word_1_119' title='bbox 621 1625 722 1692; x_wconf 89' lang='lat' dir='ltr'><strong>istum</strong></span> <span class='ocrx_word' id='word_1_120' title='bbox 745 1626 935 1710; x_wconf 81' lang='lat' dir='ltr'><strong>absolvatis,</strong></span> <span class='ocrx_word' id='word_1_121' title='bbox 958 1649 1017 1712; x_wconf 88' lang='lat' dir='ltr'><strong>per</strong></span> 
     </span>
     <span class='ocr_line' id='line_1_18' title="bbox 46 1712 1017 1792; baseline 0.003 -17"><span class='ocrx_word' id='word_1_122' title='bbox 46 1712 151 1792; x_wconf 67' lang='lat' dir='ltr'><strong>poam</strong></span> <span class='ocrx_word' id='word_1_123' title='bbox 180 1717 318 1779; x_wconf 82' lang='lat' dir='ltr'><strong>conatur</strong></span> <span class='ocrx_word' id='word_1_124' title='bbox 349 1713 548 1779; x_wconf 88' lang='lat' dir='ltr'><strong>contendere.</strong></span> <span class='ocrx_word' id='word_1_125' title='bbox 601 1712 716 1780; x_wconf 87' lang='lat' dir='ltr'><strong>Habeo</strong></span> <span class='ocrx_word' id='word_1_126' title='bbox 750 1719 858 1780; x_wconf 79' lang='lat' dir='ltr'><strong>autem</strong></span> <span class='ocrx_word' id='word_1_127' title='bbox 895 1719 1017 1779; x_wconf 86' lang='lat' dir='ltr'><strong>certam</strong></span> 
     </span>
     <span class='ocr_line' id='line_1_19' title="bbox 45 1797 1017 1886; baseline 0.004 -26"><span class='ocrx_word' id='word_1_128' title='bbox 45 1797 104 1863; x_wconf 81' lang='lat' dir='ltr'><strong>nien</strong></span> <span class='ocrx_word' id='word_1_129' title='bbox 122 1805 214 1886; x_wconf 86' lang='lat' dir='ltr'><strong>etque</strong></span> <span class='ocrx_word' id='word_1_130' title='bbox 237 1801 414 1885; x_wconf 90' lang='lat' dir='ltr'><strong>rationem,</strong></span> <span class='ocrx_word' id='word_1_131' title='bbox 437 1823 502 1886; x_wconf 87' lang='lat' dir='ltr'><strong>qua</strong></span> <span class='ocrx_word' id='word_1_132' title='bbox 524 1821 635 1868; x_wconf 85' lang='lat' dir='ltr'><strong>omnes</strong></span> <span class='ocrx_word' id='word_1_133' title='bbox 658 1801 791 1865; x_wconf 88' lang='lat' dir='ltr'><strong>illorum</strong></span> <span class='ocrx_word' id='word_1_134' title='bbox 814 1805 947 1866; x_wconf 86' lang='lat' dir='ltr'><strong>conatus</strong></span> <span class='ocrx_word' id='word_1_135' title='bbox 970 1801 1017 1864; x_wconf 88' lang='lat' dir='ltr'><strong>in-</strong></span> 
     </span>
     <span class='ocr_line' id='line_1_20' title="bbox 45 1887 1015 1974; baseline -0.003 -19"><span class='ocrx_word' id='word_1_136' title='bbox 45 1887 170 1973; x_wconf 70' lang='lat' dir='ltr'><strong>vestigere</strong></span> <span class='ocrx_word' id='word_1_137' title='bbox 196 1893 231 1955; x_wconf 89' lang='lat' dir='ltr'><strong>et</strong></span> <span class='ocrx_word' id='word_1_138' title='bbox 260 1889 413 1973; x_wconf 85' lang='lat' dir='ltr'><strong>consequi</strong></span> <span class='ocrx_word' id='word_1_139' title='bbox 439 1889 571 1974; x_wconf 87' lang='lat' dir='ltr'><strong>possim.</strong></span> <span class='ocrx_word' id='word_1_140' title='bbox 616 1888 669 1954; x_wconf 85' lang='lat' dir='ltr'><strong>Ita</strong></span> <span class='ocrx_word' id='word_1_141' title='bbox 698 1909 749 1952; x_wconf 90' lang='lat' dir='ltr'><strong>res</strong></span> <span class='ocrx_word' id='word_1_142' title='bbox 774 1911 793 1952; x_wconf 93' lang='lat' dir='ltr'><strong>a</strong></span> <span class='ocrx_word' id='word_1_143' title='bbox 816 1910 867 1952; x_wconf 90' lang='lat' dir='ltr'><strong>me</strong></span> <span class='ocrx_word' id='word_1_144' title='bbox 891 1891 1015 1974; x_wconf 82' lang='lat' dir='ltr'><strong>agetur,</strong></span> 
     </span>
     <span class='ocr_line' id='line_1_21' title="bbox 23 1975 1015 2044; baseline 0.005 -10"><span class='ocrx_word' id='word_1_145' title='bbox 23 1975 109 2039; x_wconf 72' lang='lat' dir='ltr'><strong>sinin</strong></span> <span class='ocrx_word' id='word_1_146' title='bbox 127 1999 235 2044; x_wconf 91' lang='lat' dir='ltr'><strong>eorum</strong></span> <span class='ocrx_word' id='word_1_147' title='bbox 259 1977 402 2042; x_wconf 89' lang='lat' dir='ltr'><strong>consiliis</strong></span> <span class='ocrx_word' id='word_1_148' title='bbox 426 1977 575 2043; x_wconf 86' lang='lat' dir='ltr'><strong>omnibus</strong></span> <span class='ocrx_word' id='word_1_149' title='bbox 597 1998 664 2041; x_wconf 89' lang='lat' dir='ltr'><strong>non</strong></span> <span class='ocrx_word' id='word_1_150' title='bbox 685 1975 781 2040; x_wconf 90' lang='lat' dir='ltr'><strong>modo</strong></span> <span class='ocrx_word' id='word_1_151' title='bbox 801 1995 895 2040; x_wconf 87' lang='lat' dir='ltr'><strong>aures</strong></span> <span class='ocrx_word' id='word_1_152' title='bbox 912 1975 1015 2041; x_wconf 90' lang='lat' dir='ltr'><strong>homi-</strong></span> 
     </span>
     <span class='ocr_line' id='line_1_22' title="bbox 45 2064 1017 2146; baseline 0.003 -21"><span class='ocrx_word' id='word_1_153' title='bbox 45 2080 107 2146; x_wconf 87' lang='lat' dir='ltr'><strong>nnnn,</strong></span> <span class='ocrx_word' id='word_1_154' title='bbox 131 2066 183 2130; x_wconf 88' lang='lat' dir='ltr'><strong>sed</strong></span> <span class='ocrx_word' id='word_1_155' title='bbox 211 2065 314 2132; x_wconf 87' lang='lat' dir='ltr'><strong>etiam</strong></span> <span class='ocrx_word' id='word_1_156' title='bbox 341 2065 426 2132; x_wconf 84' lang='lat' dir='ltr'><strong>oculi</strong></span> <span class='ocrx_word' id='word_1_157' title='bbox 453 2070 487 2130; x_wconf 90' lang='lat' dir='ltr'><strong>et</strong></span> <span class='ocrx_word' id='word_1_158' title='bbox 513 2086 629 2130; x_wconf 85' lang='lat' dir='ltr'><strong>manus</strong></span> <span class='ocrx_word' id='word_1_159' title='bbox 658 2065 815 2129; x_wconf 88' lang='lat' dir='ltr'><strong>interesse</strong></span> <span class='ocrx_word' id='word_1_160' title='bbox 838 2064 1017 2129; x_wconf 82' lang='lat' dir='ltr'><strong>videantur.</strong></span> 
     </span>
     <span class='ocr_line' id='line_1_23' title="bbox 46 2144 1069 2238; baseline 0.002 -24"><span class='ocrx_word' id='word_1_161' title='bbox 46 2144 91 2214; x_wconf 81' lang='lat' dir='ltr'><strong>los</strong></span> <span class='ocrx_word' id='word_1_162' title='bbox 113 2153 232 2238; x_wconf 88' lang='lat' dir='ltr'><strong>aliquot</strong></span> <span class='ocrx_word' id='word_1_163' title='bbox 263 2154 331 2218; x_wconf 89' lang='lat' dir='ltr'><strong>iam</strong></span> <span class='ocrx_word' id='word_1_164' title='bbox 362 2174 420 2238; x_wconf 88' lang='lat' dir='ltr'><strong>per</strong></span> <span class='ocrx_word' id='word_1_165' title='bbox 451 2174 554 2218; x_wconf 88' lang='lat' dir='ltr'><strong>annos</strong></span> <span class='ocrx_word' id='word_1_166' title='bbox 585 2156 774 2237; x_wconf 79' lang='lat' dir='ltr'><strong>conceptum</strong></span> <span class='ocrx_word' id='word_1_167' title='bbox 805 2151 881 2220; x_wconf 89' lang='lat' dir='ltr'><strong>huic</strong></span> <span class='ocrx_word' id='word_1_168' title='bbox 912 2153 1017 2219; x_wconf 89' lang='lat' dir='ltr'><strong>ordini</strong></span> <span class='ocrx_word' id='word_1_169' title='bbox 1036 2167 1069 2216; x_wconf 81' lang='grc'><strong>49</strong></span> 
     </span>
     <span class='ocr_line' id='line_1_24' title="bbox 46 2239 1017 2326; baseline 0.003 -23"><span class='ocrx_word' id='word_1_170' title='bbox 46 2239 243 2321; x_wconf 68' lang='lat' dir='ltr'><strong>tupitudinem</strong></span> <span class='ocrx_word' id='word_1_171' title='bbox 257 2246 355 2326; x_wconf 86' lang='lat' dir='ltr'><strong>atque</strong></span> <span class='ocrx_word' id='word_1_172' title='bbox 367 2239 537 2306; x_wconf 88' lang='lat' dir='ltr'><strong>infamiam</strong></span> <span class='ocrx_word' id='word_1_173' title='bbox 556 2239 661 2307; x_wconf 87' lang='lat' dir='ltr'><strong>delere</strong></span> <span class='ocrx_word' id='word_1_174' title='bbox 681 2263 718 2306; x_wconf 88' lang='lat' dir='ltr'><strong>ao</strong></span> <span class='ocrx_word' id='word_1_175' title='bbox 736 2241 851 2306; x_wconf 90' lang='lat' dir='ltr'><strong>tollere</strong></span> <span class='ocrx_word' id='word_1_176' title='bbox 871 2242 1017 2325; x_wconf 91' lang='lat' dir='ltr'><strong>potestis.</strong></span> 
     </span>
     <span class='ocr_line' id='line_1_25' title="bbox 46 2320 1018 2414; baseline 0.007 -27"><span class='ocrx_word' id='word_1_177' title='bbox 46 2320 149 2394; x_wconf 81' lang='lat' dir='ltr'><strong>Oomtat</strong></span> <span class='ocrx_word' id='word_1_178' title='bbox 167 2330 256 2396; x_wconf 91' lang='lat' dir='ltr'><strong>inter</strong></span> <span class='ocrx_word' id='word_1_179' title='bbox 279 2329 383 2395; x_wconf 89' lang='lat' dir='ltr'><strong>omnis</strong></span> <span class='ocrx_word' id='word_1_180' title='bbox 405 2332 482 2413; x_wconf 90' lang='lat' dir='ltr'><strong>post</strong></span> <span class='ocrx_word' id='word_1_181' title='bbox 503 2328 583 2393; x_wconf 88' lang='lat' dir='ltr'><strong>haec</strong></span> <span class='ocrx_word' id='word_1_182' title='bbox 603 2328 782 2394; x_wconf 86' lang='lat' dir='ltr'><strong>constituta</strong></span> <span class='ocrx_word' id='word_1_183' title='bbox 798 2327 926 2413; x_wconf 78' lang='lat' dir='ltr'><strong>iudicia,</strong></span> <span class='ocrx_word' id='word_1_184' title='bbox 948 2330 1018 2414; x_wconf 90' lang='lat' dir='ltr'><strong>qui-</strong></span> 
     </span>
     <span class='ocr_line' id='line_1_26' title="bbox 24 2409 1019 2502; baseline 0.008 -26"><span class='ocrx_word' id='word_1_185' title='bbox 24 2409 86 2475; x_wconf 70' lang='lat' dir='ltr'><strong>lbns</strong></span> <span class='ocrx_word' id='word_1_186' title='bbox 106 2437 181 2482; x_wconf 89' lang='lat' dir='ltr'><strong>nuno</strong></span> <span class='ocrx_word' id='word_1_187' title='bbox 206 2417 344 2502; x_wconf 90' lang='lat' dir='ltr'><strong>utimur,</strong></span> <span class='ocrx_word' id='word_1_188' title='bbox 374 2417 501 2482; x_wconf 91' lang='lat' dir='ltr'><strong>nullum</strong></span> <span class='ocrx_word' id='word_1_189' title='bbox 532 2417 595 2481; x_wconf 88' lang='lat' dir='ltr'><strong>hoc</strong></span> <span class='ocrx_word' id='word_1_190' title='bbox 627 2415 796 2500; x_wconf 86' lang='lat' dir='ltr'><strong>splendore</strong></span> <span class='ocrx_word' id='word_1_191' title='bbox 829 2421 926 2500; x_wconf 86' lang='lat' dir='ltr'><strong>atque</strong></span> <span class='ocrx_word' id='word_1_192' title='bbox 957 2418 1019 2484; x_wconf 86' lang='lat' dir='ltr'><strong>hac</strong></span> 
     </span>
     <span class='ocr_line' id='line_1_27' title="bbox 48 2497 1018 2588; baseline 0.003 -20"><span class='ocrx_word' id='word_1_193' title='bbox 48 2497 169 2585; x_wconf 71' lang='lat' dir='ltr'><strong>dignitate</strong></span> <span class='ocrx_word' id='word_1_194' title='bbox 191 2505 364 2571; x_wconf 88' lang='lat' dir='ltr'><strong>consilium</strong></span> <span class='ocrx_word' id='word_1_195' title='bbox 386 2504 494 2570; x_wconf 83' lang='lat' dir='ltr'><strong>fuisse.</strong></span> <span class='ocrx_word' id='word_1_196' title='bbox 531 2504 594 2569; x_wconf 90' lang='lat' dir='ltr'><strong>Hic</strong></span> <span class='ocrx_word' id='word_1_197' title='bbox 616 2504 645 2568; x_wconf 89' lang='lat' dir='ltr'><strong>si</strong></span> <span class='ocrx_word' id='word_1_198' title='bbox 668 2503 746 2587; x_wconf 88' lang='lat' dir='ltr'><strong>quid</strong></span> <span class='ocrx_word' id='word_1_199' title='bbox 768 2504 831 2569; x_wconf 89' lang='lat' dir='ltr'><strong>erit</strong></span> <span class='ocrx_word' id='word_1_200' title='bbox 851 2504 1018 2588; x_wconf 85' lang='lat' dir='ltr'><strong>offensum,</strong></span> 
     </span>
     <span class='ocr_line' id='line_1_28' title="bbox 48 2591 1018 2682; baseline 0.004 -30"><span class='ocrx_word' id='word_1_201' title='bbox 48 2607 126 2682; x_wconf 70' lang='lat' dir='ltr'><strong>cnnes</strong></span> <span class='ocrx_word' id='word_1_202' title='bbox 145 2594 292 2682; x_wconf 80' lang='lat' dir='ltr'><strong>homines</strong></span> <span class='ocrx_word' id='word_1_203' title='bbox 314 2615 380 2658; x_wconf 93' lang='lat' dir='ltr'><strong>non</strong></span> <span class='ocrx_word' id='word_1_204' title='bbox 401 2593 468 2658; x_wconf 86' lang='lat' dir='ltr'><strong>iem</strong></span> <span class='ocrx_word' id='word_1_205' title='bbox 491 2613 531 2658; x_wconf 88' lang='lat' dir='ltr'><strong>ex</strong></span> <span class='ocrx_word' id='word_1_206' title='bbox 551 2591 662 2658; x_wconf 90' lang='lat' dir='ltr'><strong>eodem</strong></span> <span class='ocrx_word' id='word_1_207' title='bbox 681 2591 792 2656; x_wconf 88' lang='lat' dir='ltr'><strong>ordine</strong></span> <span class='ocrx_word' id='word_1_208' title='bbox 811 2592 894 2657; x_wconf 85' lang='lat' dir='ltr'><strong>alios</strong></span> <span class='ocrx_word' id='word_1_209' title='bbox 912 2593 1018 2676; x_wconf 82' lang='lat' dir='ltr'><strong>magis</strong></span> 
     </span>
     <span class='ocr_line' id='line_1_29' title="bbox 47 2673 1019 2766; baseline 0.007 -30"><span class='ocrx_word' id='word_1_210' title='bbox 47 2673 156 2766; x_wconf 75' lang='lat' dir='ltr'><strong>idoneos,</strong></span> <span class='ocrx_word' id='word_1_211' title='bbox 190 2683 277 2766; x_wconf 91' lang='lat' dir='ltr'><strong>quod</strong></span> <span class='ocrx_word' id='word_1_212' title='bbox 309 2681 379 2746; x_wconf 88' lang='lat' dir='ltr'><strong>fieri</strong></span> <span class='ocrx_word' id='word_1_213' title='bbox 409 2701 476 2746; x_wconf 90' lang='lat' dir='ltr'><strong>non</strong></span> <span class='ocrx_word' id='word_1_214' title='bbox 506 2684 629 2765; x_wconf 88' lang='lat' dir='ltr'><strong>potest,</strong></span> <span class='ocrx_word' id='word_1_215' title='bbox 667 2679 723 2744; x_wconf 91' lang='lat' dir='ltr'><strong>sed</strong></span> <span class='ocrx_word' id='word_1_216' title='bbox 755 2679 854 2744; x_wconf 87' lang='lat' dir='ltr'><strong>alium</strong></span> <span class='ocrx_word' id='word_1_217' title='bbox 887 2679 1019 2744; x_wconf 91' lang='lat' dir='ltr'><strong>omnino</strong></span> 
     </span>
     <span class='ocr_line' id='line_1_30' title="bbox 48 2759 1018 2852; baseline -0.001 -22"><span class='ocrx_word' id='word_1_218' title='bbox 48 2763 157 2834; x_wconf 76' lang='lat' dir='ltr'><strong>ordinem</strong></span> <span class='ocrx_word' id='word_1_219' title='bbox 178 2759 220 2836; x_wconf 75' lang='lat' dir='ltr'><strong>ad</strong></span> <span class='ocrx_word' id='word_1_220' title='bbox 242 2791 294 2835; x_wconf 90' lang='lat' dir='ltr'><strong>res</strong></span> <span class='ocrx_word' id='word_1_221' title='bbox 316 2767 503 2834; x_wconf 86' lang='lat' dir='ltr'><strong>iudicandas</strong></span> <span class='ocrx_word' id='word_1_222' title='bbox 527 2767 744 2852; x_wconf 85' lang='lat' dir='ltr'><strong>quaerendum</strong></span> <span class='ocrx_word' id='word_1_223' title='bbox 763 2767 1018 2832; x_wconf 86' lang='lat' dir='ltr'><strong>arbitrabuntur.</strong></span> 
     </span>
     <span class='ocr_line' id='line_1_31' title="bbox 27 2835 1072 2961; baseline -0.002 -42"><span class='ocrx_word' id='word_1_224' title='bbox 27 2847 216 2950; x_wconf 65' lang='lat' dir='ltr'><strong>*Quapropter</strong></span> <span class='ocrx_word' id='word_1_225' title='bbox 228 2857 370 2943; x_wconf 89' lang='lat' dir='ltr'><strong>primum</strong></span> <span class='ocrx_word' id='word_1_226' title='bbox 389 2857 431 2922; x_wconf 87' lang='lat' dir='ltr'><strong>ab</strong></span> <span class='ocrx_word' id='word_1_227' title='bbox 450 2856 499 2921; x_wconf 90' lang='lat' dir='ltr'><strong>dis</strong></span> <span class='ocrx_word' id='word_1_228' title='bbox 516 2855 767 2940; x_wconf 77' lang='lat' dir='ltr'><strong>immortalibus,</strong></span> <span class='ocrx_word' id='word_1_229' title='bbox 785 2855 871 2938; x_wconf 89' lang='lat' dir='ltr'><strong>quod</strong></span> <span class='ocrx_word' id='word_1_230' title='bbox 890 2875 1019 2938; x_wconf 76' lang='lat' dir='ltr'><strong>sperare</strong></span> <span class='ocrx_word' id='word_1_231' title='bbox 1030 2835 1072 2961; x_wconf 61' lang='lat'><strong>15}</strong></span> 
     </span>
     <span class='ocr_line' id='line_1_32' title="bbox 49 2938 1019 3030; baseline -0.004 -20"><span class='ocrx_word' id='word_1_232' title='bbox 49 2938 103 3004; x_wconf 75' lang='lat' dir='ltr'><strong>lmhi</strong></span> <span class='ocrx_word' id='word_1_233' title='bbox 120 2945 234 3030; x_wconf 76' lang='lat' dir='ltr'><strong>uideor,</strong></span> <span class='ocrx_word' id='word_1_234' title='bbox 256 2947 319 3012; x_wconf 90' lang='lat' dir='ltr'><strong>hoc</strong></span> <span class='ocrx_word' id='word_1_235' title='bbox 335 2945 431 3028; x_wconf 84' lang='lat' dir='ltr'><strong>idem,</strong></span> <span class='ocrx_word' id='word_1_236' title='bbox 452 2944 583 3027; x_wconf 86' lang='lat' dir='ltr'><strong>iudices,</strong></span> <span class='ocrx_word' id='word_1_237' title='bbox 605 2947 692 3028; x_wconf 90' lang='lat' dir='ltr'><strong>opto,</strong></span> <span class='ocrx_word' id='word_1_238' title='bbox 714 2946 752 3007; x_wconf 91' lang='lat' dir='ltr'><strong>ut</strong></span> <span class='ocrx_word' id='word_1_239' title='bbox 769 2943 805 3007; x_wconf 91' lang='lat' dir='ltr'><strong>in</strong></span> <span class='ocrx_word' id='word_1_240' title='bbox 821 2941 884 3008; x_wconf 91' lang='lat' dir='ltr'><strong>hoo</strong></span> <span class='ocrx_word' id='word_1_241' title='bbox 900 2941 1019 3008; x_wconf 89' lang='lat' dir='ltr'><strong>iudicio</strong></span> 
     </span>
     <span class='ocr_line' id='line_1_33' title="bbox 49 3029 1019 3119; baseline 0.002 -25"><span class='ocrx_word' id='word_1_242' title='bbox 49 3042 114 3094; x_wconf 70' lang='lat' dir='ltr'><strong>nonno</strong></span> <span class='ocrx_word' id='word_1_243' title='bbox 132 3033 296 3119; x_wconf 80' lang='lat' dir='ltr'><strong>improbus</strong></span> <span class='ocrx_word' id='word_1_244' title='bbox 314 3037 444 3118; x_wconf 81' lang='lat' dir='ltr'><strong>praeter</strong></span> <span class='ocrx_word' id='word_1_245' title='bbox 462 3054 544 3116; x_wconf 88' lang='lat' dir='ltr'><strong>eum,</strong></span> <span class='ocrx_word' id='word_1_246' title='bbox 568 3031 624 3116; x_wconf 89' lang='lat' dir='ltr'><strong>qui</strong></span> <span class='ocrx_word' id='word_1_247' title='bbox 641 3032 707 3096; x_wconf 84' lang='lat' dir='ltr'><strong>iam</strong></span> <span class='ocrx_word' id='word_1_248' title='bbox 725 3031 850 3115; x_wconf 87' lang='lat' dir='ltr'><strong>pridem</strong></span> <span class='ocrx_word' id='word_1_249' title='bbox 868 3029 1019 3096; x_wconf 81' lang='lat' dir='ltr'><strong>inventus</strong></span> 
     </span>
     <span class='ocr_line' id='line_1_34' title="bbox 50 3117 1020 3208; baseline 0.001 -26"><span class='ocrx_word' id='word_1_250' title='bbox 50 3117 88 3197; x_wconf 66' lang='lat' dir='ltr'><strong>est,</strong></span> <span class='ocrx_word' id='word_1_251' title='bbox 103 3122 286 3206; x_wconf 78' lang='lat' dir='ltr'><strong>reperiabnr3</strong></span> <span class='ocrx_word' id='word_1_252' title='bbox 310 3121 432 3204; x_wconf 88' lang='lat' dir='ltr'><strong>deinde,</strong></span> <span class='ocrx_word' id='word_1_253' title='bbox 454 3121 483 3184; x_wconf 92' lang='lat' dir='ltr'><strong>si</strong></span> <span class='ocrx_word' id='word_1_254' title='bbox 500 3120 611 3208; x_wconf 89' lang='lat' dir='ltr'><strong>plures</strong></span> <span class='ocrx_word' id='word_1_255' title='bbox 634 3118 775 3203; x_wconf 88' lang='lat' dir='ltr'><strong>improbi</strong></span> <span class='ocrx_word' id='word_1_256' title='bbox 796 3118 933 3203; x_wconf 88' lang='lat' dir='ltr'><strong>fuerint,</strong></span> <span class='ocrx_word' id='word_1_257' title='bbox 957 3118 1020 3196; x_wconf 80' lang='lat' dir='ltr'><strong>hoo</strong></span> 
     </span>
     <span class='ocr_line' id='line_1_35' title="bbox 50 3202 1024 3296; baseline 0.002 -26"><span class='ocrx_word' id='word_1_258' title='bbox 50 3202 125 3290; x_wconf 69' lang='lat' dir='ltr'><strong>tobis,</strong></span> <span class='ocrx_word' id='word_1_259' title='bbox 144 3209 205 3275; x_wconf 88' lang='lat' dir='ltr'><strong>boo</strong></span> <span class='ocrx_word' id='word_1_260' title='bbox 225 3209 347 3296; x_wconf 89' lang='lat' dir='ltr'><strong>populo</strong></span> <span class='ocrx_word' id='word_1_261' title='bbox 369 3208 531 3292; x_wconf 81' lang='lat' dir='ltr'><strong>Romane,</strong></span> <span class='ocrx_word' id='word_1_262' title='bbox 557 3207 692 3290; x_wconf 84' lang='lat' dir='ltr'><strong>iudices,</strong></span> <span class='ocrx_word' id='word_1_263' title='bbox 720 3207 888 3291; x_wconf 83' lang='lat' dir='ltr'><strong>confirmo,</strong></span> <span class='ocrx_word' id='word_1_264' title='bbox 917 3207 1024 3282; x_wconf 79' lang='lat' dir='ltr'><strong>vitam¹</strong></span> 
     </span>
     <span class='ocr_line' id='line_1_36' title="bbox 31 3289 1021 3383; baseline 0.01 -33"><span class='ocrx_word' id='word_1_265' title='bbox 31 3289 195 3363; x_wconf 72' lang='lat' dir='ltr'><strong>lnebencule</strong></span> <span class='ocrx_word' id='word_1_266' title='bbox 220 3298 302 3363; x_wconf 90' lang='lat' dir='ltr'><strong>mihi</strong></span> <span class='ocrx_word' id='word_1_267' title='bbox 333 3291 424 3383; x_wconf 88' lang='lat' dir='ltr'><strong>prius</strong></span> <span class='ocrx_word' id='word_1_268' title='bbox 456 3319 554 3380; x_wconf 87' lang='lat' dir='ltr'><strong>quam</strong></span> <span class='ocrx_word' id='word_1_269' title='bbox 586 3295 652 3361; x_wconf 87' lang='lat' dir='ltr'><strong>vim</strong></span> <span class='ocrx_word' id='word_1_270' title='bbox 683 3295 1021 3378; x_wconf 84' lang='lat' dir='ltr'><strong>perseverantiamque</strong></span> 
     </span>
     <span class='ocr_line' id='line_1_37' title="bbox 19 3374 1017 3471; baseline 0.003 -28"><span class='ocrx_word' id='word_1_271' title='bbox 19 3401 21 3438; x_wconf 77' lang='lat'><em>÷</em></span> <span class='ocrx_word' id='word_1_272' title='bbox 52 3374 218 3466; x_wconf 59' lang='lat' dir='ltr'><strong>*illorum</strong></span> <span class='ocrx_word' id='word_1_273' title='bbox 230 3385 475 3471; x_wconf 85' lang='lat' dir='ltr'><strong>improbitatem</strong></span> <span class='ocrx_word' id='word_1_274' title='bbox 497 3381 753 3469; x_wconf 83' lang='lat' dir='ltr'><strong>persequendam</strong></span> <span class='ocrx_word' id='word_1_275' title='bbox 776 3381 968 3446; x_wconf 84' lang='lat' dir='ltr'><strong>defuturam.</strong></span> <span class='ocrx_word' id='word_1_276' title='bbox 1014 3448 1017 3454; x_wconf 76' lang='grc'><em>,</em></span> 
     </span>
     <span class='ocr_line' id='line_1_38' title="bbox 19 3459 1059 3560; baseline -0.008 -22"><span class='ocrx_word' id='word_1_277' title='bbox 19 3459 21 3530; x_wconf 71' lang='lat' dir='ltr'><strong>i</strong></span> <span class='ocrx_word' id='word_1_278' title='bbox 93 3465 213 3559; x_wconf 82' lang='lat' dir='ltr'><strong>Verum,</strong></span> <span class='ocrx_word' id='word_1_279' title='bbox 233 3474 318 3559; x_wconf 89' lang='lat' dir='ltr'><strong>quod</strong></span> <span class='ocrx_word' id='word_1_280' title='bbox 337 3494 398 3560; x_wconf 78' lang='lat' dir='ltr'><strong>ego</strong></span> <span class='ocrx_word' id='word_1_281' title='bbox 416 3471 592 3555; x_wconf 89' lang='lat' dir='ltr'><strong>laboribus,</strong></span> <span class='ocrx_word' id='word_1_282' title='bbox 610 3469 761 3555; x_wconf 85' lang='lat' dir='ltr'><strong>periculis</strong></span> <span class='ocrx_word' id='word_1_283' title='bbox 780 3468 1020 3549; x_wconf 85' lang='lat' dir='ltr'><strong>inimicitiisque</strong></span> <span class='ocrx_word' id='word_1_284' title='bbox 1038 3476 1059 3524; x_wconf 77' lang='lat'><strong>51</strong></span> 
     </span>
    </p>
   </div>
   <div class='ocr_carea' id='block_1_3' title="bbox 0 0 1200 3938">
    <p class='ocr_par' dir='ltr' id='par_1_3' title="bbox 0 0 1200 3938">
     <span class='ocr_line' id='line_1_39' title="bbox 0 0 1200 3938; baseline 0 0"><span class='ocrx_word' id='word_1_285' title='bbox 0 0 1200 3938; x_wconf 95' lang='lat' dir='ltr'><strong> </strong></span> 
     </span>
    </p>
   </div>
  </div>
 </body>
</html>
