2422 3952
141 161 182 224 12
404 157 475 213 PRO
494 158 523 212 P.
539 156 628 222 QUIN
631 156 714 212 OTIO
733 155 879 211 ORATIO.

138 308 271 388 tamque
306 303 429 389 eripere
460 301 617 368 conatur?
666 298 752 366 Huic
784 302 856 365 tum
886 300 1049 365 molestus
1085 322 1164 367 csse

140 391 297 458 videlicet·
325 390 473 473 noluisti,
510 410 607 473 quem
636 410 722 454 nunc
756 387 916 473 respirare
948 388 1054 454 libere
1090 411 1165 454 non

141 479 235 564 sinis3
261 501 358 564 quem
382 500 468 544 nuno
493 477 673 543 interficere
699 475 823 541 nefarie
848 475 953 560 cupis,
981 498 1060 542 euru
1083 481 1165 542 tum

140 569 298 655 pudenter
316 567 480 652 appellare
497 565 642 630 nolebas.
681 563 735 628 Ita
755 562 865 647 credo,
887 563 1055 629 hominem
1082 587 1165 650 pro

140 657 311 742 pinquum,
337 654 387 718 tui
410 653 649 736 observantem,
675 652 781 717 virum
803 652 938 734 bonum,
963 653 1190 737 pudentem,⁵

142 744 296 810 maiorem
330 745 412 807 natu
446 741 581 806 nolebas
616 743 673 805 aut
700 760 768 805 non
797 739 938 805 audebas
969 741 1166 825 appellare,

142 852 247 915 saepe,
269 833 306 894 ut
323 830 371 912 fit,
393 851 466 894 cum
484 829 554 914 ipse
571 832 605 894 tc
624 829 858 911 confirmasses,
880 849 955 892 curn
976 829 1164 894 statuisses

142 918 339 983 mentionem
350 918 389 982 de
401 917 537 1003 pecunia
547 916 665 1000 facere,
676 938 748 982 cum
759 919 894 1000 paratus
908 915 1164 1002 meditatusque

141 1006 299 1091 venisses,
334 1006 432 1072 homo
463 1005 597 1069 timidus
627 1003 781 1089 virginali
811 1004 1004 1070 verecundia
1041 1007 1163 1071 subito
1204 1023 1205 1079 l

141 1095 211 1179 ipse
239 1099 273 1160 te
299 1093 478 1177 retinebam
506 1093 672 1158 excidebat
698 1095 832 1177 repente
854 1092 974 1176 orati03
1002 1114 1082 1158 cum
1108 1118 1163 1160 cu·
1178 1083 1205 1168 nl

142 1204 234 1267 peres
258 1183 438 1268 appellare,
462 1203 529 1247 non
552 1180 706 1262 audebas,
727 1201 769 1244 ne
791 1180 912 1246 inritus
936 1180 1076 1246 audiret.
1122 1182 1163 1246 Id

89 1247 133 1373 ἐξ
143 1273 214 1334 erat
230 1271 387 1354 profecto.
413 1269 588 1335 Credamus
602 1268 673 1352 hoc,
687 1265 758 1332 Sex.
767 1265 800 1333 N
801 1268 937 1350 aerium,
951 1268 1043 1333 cuius
1053 1274 1162 1355 caput
1204 1279 1205 1306 ³

147 1361 323 1444 oppugnet,
346 1358 414 1423 eiua
433 1356 564 1422 auribus
582 1355 772 1441 pepercisse.
800 1353 835 1420 Si
855 1355 1032 1440 debuisset,
1045 1354 1162 1442 Sexte,
1204 1355 1205 1395 ³

146 1446 293 1530 petisses,
307 1449 340 1510 et
354 1444 491 1529 petisses
506 1444 633 1529 statim,
647 1444 755 1509 sinon
769 1444 892 1527 statim,
905 1444 1005 1528 paulo
1020 1446 1162 1529 quidem
1204 1451 1205 1468 .

142 1536 232 1617 post3
251 1532 358 1596 sinon
375 1531 482 1616 paulo,
501 1535 536 1597 at
555 1531 736 1616 aliquanto,
755 1553 811 1596 sex
829 1532 958 1616 quidem
975 1532 1046 1597 illis
1063 1535 1205 1599 men-1⁵³

142 1619 233 1685 sibus
252 1618 411 1704 profecto,
434 1640 518 1684 anno
537 1621 683 1684 vertente
702 1616 771 1684 sinc
790 1620 1020 1685 controversia.
1053 1619 1160 1688 Auno
1204 1657 1205 1664 .

144 1711 177 1774 et
205 1729 261 1773 sex
287 1707 451 1773 mensibus
479 1728 569 1791 vero,
596 1728 669 1772 omn
696 1707 758 1772 tibi
785 1707 902 1772 cotidie
923 1712 1073 1792 potestas
1100 1710 1161 1776 ho
1204 1713 1205 1753 ³

145 1796 240 1862 minis
258 1795 375 1862 fuisset
393 1794 594 1879 admonendi,
612 1796 748 1861 verbum
761 1796 889 1861 nullum
907 1795 1002 1880 facis3
1019 1796 1160 1864 biennio
1204 1803 1205 1824 ¹

143 1885 210 1951 iam
229 1885 375 1951 confecto
388 1885 456 1949 fere
475 1883 630 1969 appellas.
667 1883 745 1959 Quis
763 1887 833 1948 tam
853 1882 1000 1968 perditus
1018 1907 1057 1950 ac
1078 1908 1160 1970 pro·
1204 1893 1205 1928 ³

143 1972 236 2039 fusus
258 1979 359 2058 nepos
381 1993 448 2036 non
469 1972 567 2037 adesa
588 1972 668 2055 iam,
696 1971 751 2036 scd
774 1972 952 2037 abundanti
975 1972 1075 2038 etiam
1102 1997 1157 2059 pe
1173 1993 1196 2033 co

145 2060 240 2125 cunia
258 2061 304 2125 sio
323 2059 499 2123 dissolutus
517 2059 643 2143 fuisset,
659 2063 697 2125 ut
714 2059 778 2124 suit
795 2057 866 2124 Sex.
875 2059 1041 2126 Naevius?
1068 2059 1160 2127 Cum
1204 2071 1205 2106 ὲ

92 2146 125 2196 ⁴¹
145 2146 310 2211 homiuem
340 2145 486 2229 nomino,
518 2146 598 2210 satis
625 2147 707 2212 mihi
733 2146 844 2212 videor
871 2147 984 2213 dicere.
1029 2146 1160 2215 Debuit
1204 2157 1205 2196 ³

144 2233 207 2298 tibi
230 2231 264 2299 0.
283 2231 465 2317 Quinctius,
491 2254 668 2319 numquam
691 2235 818 2321 petisti3
841 2239 988 2300 mortuus
1012 2240 1063 2301 est
1084 2237 1160 2322 illc,
1204 2247 1205 2284 ἒ

144 2343 196 2386 res
220 2321 261 2386 ad
283 2321 434 2386 heredem
457 2321 559 2406 venit;
581 2344 655 2387 cum
677 2345 751 2388 cum
774 2323 891 2388 cotidie
913 2323 1053 2407 videres,
1074 2330 1160 2409 post

144 2408 311 2476 biennium
324 2409 461 2493 denique
476 2411 630 2495 appellas.
657 2409 879 2495 Dubitabitur,
897 2414 1008 2476 utrum
1022 2412 1066 2476 sit
1077 2436 1159 2497 pro
1172 2423 1205 2472 aa

145 2497 296 2582 babilius,
319 2495 564 2563 SenNaevium
583 2499 704 2582 statim,
723 2498 847 2582 siquid
868 2499 1047 2583 deberetur,
1069 2505 1156 2584 peti·
1204 2511 1205 2548 l

145 2590 256 2652 turum
286 2585 387 2651 inisse
420 2607 462 2651 an
491 2608 533 2651 ne
565 2588 805 2672 appellaturum
838 2586 967 2671 quidem
997 2588 1159 2656 biennio?
1204 2619 1205 2674 3

146 2673 343 2760 Appellandi
368 2678 496 2758 tempus
517 2695 584 2739 non
607 2675 699 2740 erat?
734 2673 782 2739 At
803 2678 911 2740 teclam
933 2676 1008 2760 plus
1032 2697 1158 2743 aunum
1204 2687 1205 2760 l

145 2764 236 2828 vixit.
275 2763 314 2828 In
338 2761 446 2828 Gallia
468 2762 524 2848 agi
545 2784 611 2827 non
633 2761 763 2847 potuit?
804 2762 850 2826 At
873 2766 906 2827 et
927 2763 963 2828 in
984 2765 1158 2849 provincia
1204 2771 1205 2834 l

145 2852 196 2916 ius
223 2853 403 2935 dicebatur,
430 2854 463 2916 et
489 2848 613 2915 Romae
639 2849 758 2915 iudicia
783 2850 914 2916 fiebant.
958 2850 1089 2936 Restat,
1119 2859 1158 2920 ut
1171 2839 1205 2912 a*

147 2943 204 3004 aut
227 2961 353 3006 summa
374 2938 582 3024 neglegentia
604 2938 666 3004 tibi
689 2937 855 3004 obstiterit
879 2943 936 3004 aut
957 2940 1053 3005 unica
1075 2941 1157 3006 libe

145 3027 270 3092 ralitar.
316 3026 351 3093 Si
376 3027 618 3113 neglegentiam
646 3027 745 3110 dices,
774 3026 980 3110 mirabimur,
1007 3029 1036 3092 si
1064 3029 1158 3094 boni-

146 3115 262 3196 tatem,
284 3115 474 3197 ridebimus3
496 3106 599 3198 neque
620 3117 789 3198 praeterea
811 3114 889 3199 quid
910 3115 1016 3199 possis
1041 3115 1158 3201 dicere,

146 3200 285 3264 invenio.
313 3199 400 3265 Satis
415 3204 465 3265 est
479 3202 663 3287 argumenti
678 3201 761 3266 nihil
776 3223 846 3267 esse
861 3203 1006 3268 debitum
1019 3201 1052 3267 N
1053 3205 1157 3288 aerio,

148 3287 234 3371 quod
255 3291 325 3352 tam
348 3288 403 3351 diu
424 3288 506 3352 nihil
530 3290 654 3373 petivit.
1169 3309 1193 3350 ³⁵

40 3417 44 3422 ,
94 3341 137 3469 ἐξ
217 3372 332 3474 Quid,
364 3373 392 3436 si
420 3373 492 3474 hoc·
511 3376 632 3475 ipsum,
664 3377 751 3478 guod
781 3399 866 3443 nunc
895 3377 987 3478 facit,
1019 3381 1156 3444 ostendo
1177 3457 1182 3465 Ι

147 3463 336 3526 testrmcmo
364 3480 434 3524 esse
460 3461 543 3524 nrhrl
571 3463 701 3530 debera?
749 3463 833 3540 Quid
861 3487 947 3530 emm
973 3487 1059 3532 nuuc
1086 3469 1157 3552 agit
