2386 3938
200 154 271 210 PRO
290 153 320 221 Q.
338 153 469 210 ROSCIO
487 153 660 210 COMOEDO
678 153 822 226 ORATIO.
976 157 1017 222 81

29 321 59 365 ex
82 300 221 384 anau,
248 298 382 383 iudices,
409 298 493 364 hauc
520 299 591 385 pati
617 298 720 364 nolite
748 299 868 365 diutius
895 300 931 365 in
957 300 1019 367 hac

29 389 204 473 republica
229 387 367 470 versari,
396 409 478 474 quae
506 409 573 452 non
604 387 700 452 modo
723 387 757 452 id
787 387 887 453 habet
918 389 953 453 in
984 411 1018 454 se

30 477 102 560 nali,
123 475 208 560 quod
225 479 277 541 tot
295 475 380 542 cives
400 475 600 542 atrocissime
620 476 761 559 sustulit,
784 497 897 542 verum
920 477 1019 542 etiam

29 565 196 630 hominibus
223 563 397 629 lenissimis
425 563 546 630 ademit
575 563 829 632 misericordiam
852 568 1020 632 consuetu-

13 653 88 717 tdine
112 652 399 718 incommodorum.
443 650 530 718 Nam
557 674 630 718 eum
660 653 809 719 omnibus
840 652 930 718 horis
964 654 1020 719 cli-

30 741 91 824 quid
116 740 270 807 atrociter
296 740 368 805 lieri
393 740 539 806 videmus
567 743 624 806 aut
650 741 810 825 audimus,
837 742 937 808 etiam
964 743 1020 826 qui

30 833 129 896 natura
149 828 318 896 mitissimi
340 850 466 912 sumus,
489 828 679 896 assiduitate
703 830 926 899 molestiarum
950 852 1020 896 sen·

30 939 86 983 rum
107 939 235 986 omnem
257 916 471 984 humanitatis
495 937 535 982 ex
557 917 673 983 animis
697 919 886 986 amittimus.

267 1398 316 1472 M.
346 1327 489 1472 TULLI
515 1395 763 1471 clausurus

68 1563 161 1650 ruo
193 1561 239 1666 u.
271 1559 456 1648 aosom
489 1549 734 1647 oououuo
766 1561 970 1650 caluo.
1074 1521 1081 1532 ‘

334 1799 696 1869 ARGUMENTUM.

14 1985 16 2012 ἱ
74 1921 236 2006 Olennius
255 1921 379 1978 Ohacrea
404 1921 434 1989 Q.
453 1921 563 2006 Roscio·
580 1921 713 2004 comoedo
731 1919 1021 2002 Panurgumuserrum

33 1994 565 2145 romacianensis
587 1991 751 2146 illudi
772 1991 1020 2144 {stilicidi

33 2133 222 2205 Tarquiniensis
252 2135 366 2204 quidam
398 2152 508 2191 servum
535 2149 710 2190 communem
735 2151 793 2191 ram
821 2133 960 2190 eruditum
987 2151 1021 2190 ac

34 2206 166 2274 perfectum
194 2205 306 2261 occidit.
348 2205 379 2272 Q.
407 2206 536 2262 Flavium
559 2205 590 2270 O.
615 2202 732 2259 Roscius
759 2204 864 2261 iudicio
891 2205 1022 2288 persequi

34 2293 82 2331 cum
101 2279 195 2346 vellet,
219 2275 394 2347 cognitorem
415 2275 446 2331 in
469 2294 531 2332 eam
553 2293 613 2332 rem
631 2274 660 2330 0.
678 2274 817 2332 Fannium
835 2277 921 2332 dedit.
958 2277 1021 2332 Lite

35 2351 182 2416 contestata,
214 2347 320 2402 iudicio
348 2346 443 2402 damni
469 2346 574 2403 iniuria
600 2365 618 2402 a
645 2347 743 2403 Flavio
776 2347 836 2404 dati
867 2347 1021 2404 constituto

35 2417 119 2475 decidit
134 2437 199 2476 cum
216 2417 316 2474 Flavio
333 2418 464 2487 Roscius,
483 2422 516 2474 ut
532 2418 593 2489 ipse
611 2417 720 2488 aiebat,
737 2436 788 2490 pro
807 2436 858 2475 sua
874 2422 967 2489 purte,
990 2422 1023 2475 ut

36 2486 146 2558 Fannius,
168 2506 221 2562 pro
245 2491 308 2544 tota
330 2490 476 2557 societate;
499 2490 617 2545 fundum
640 2489 761 2562 accepit,
786 2507 842 2544 non
864 2489 1020 2561 pecuniam.

37 2559 129 2628 lliquot
141 2561 223 2616 annis
236 2562 303 2631 post
315 2559 438 2616 Fannius
452 2560 585 2616 Roscium
598 2558 695 2630 adegit
708 2561 852 2630 arbitrum,
867 2561 923 2631 qui,
936 2578 1021 2630 quan-

37 2631 80 2684 tun
103 2633 216 2702 sequius
243 2629 356 2699 melius,
384 2631 516 2687 Roscium
541 2631 659 2703 petitori
684 2632 791 2688 Fannio
815 2634 881 2688 dare
903 2632 1020 2687 iuberet

38 2701 127 2759 lrbiter
148 2703 205 2758 fuit
226 2702 315 2769 idem,
339 2701 387 2771 qui
408 2702 439 2757 in
461 2703 515 2758 hae
533 2719 618 2758 causa
634 2702 719 2759 iudex
737 2706 787 2771 est,
807 2703 835 2759 0.
856 2700 1022 2773 Calpurnius

38 2769 91 2827 Piso.
124 2775 150 2830 ls
169 2775 205 2829 de
222 2791 254 2829 re
273 2773 441 2828 sententiam
458 2789 516 2828 non
532 2774 610 2842 tulit,
630 2775 679 2829 sed
697 2773 830 2830 Roscium
847 2772 971 2844 rogavit,
990 2774 1023 2826 ut

18 2839 121 2900 ¹Fannio
145 2861 199 2916 pro
225 2844 335 2912 laboro,
368 2846 442 2913 quod
469 2843 598 2915 cognitor
623 2844 734 2913 luisset,
763 2846 837 2914 quod
861 2840 1023 2899 vadimonia

39 2913 128 2983 obisset,
146 2915 194 2970 HS
214 2915 315 2972 00100
334 2916 421 2984 daret,
440 2913 482 2970 ita
498 2919 602 2984 tamen,
620 2918 654 2970 ut
666 2915 789 2971 Fannius
801 2914 1022 2984 restipularetur,

40 2983 125 3053 liquid
148 2986 290 3058 exegisset
312 3003 329 3041 a
350 2985 462 3055 Flavio,
485 2990 594 3056 partem
616 2987 676 3042 eius
699 2986 845 3041 dimidiam
867 3000 896 3039 se
919 2981 1022 3038 Roscio

40 3053 151 3132 latinum
190 3057 347 3140 spopondit
369 3056 411 3112 ita
428 3073 458 3112 se
475 3057 615 3112 facturum
632 3056 763 3112 Fannius.
800 3055 907 3110 Deinde
925 3053 1022 3110 Flavio

40 3121 97 3182 hun
114 3128 243 3184 intendit.
280 3129 366 3184 ludex
383 3127 438 3182 fuit
456 3126 484 3182 0.
505 3127 626 3183 Oluvius.
663 3127 705 3182 De
724 3126 784 3182 eius
803 3125 942 3181 sententia
958 3125 1022 3181 Illa

41 3196 95 3252 nun
127 3199 174 3255 Hs
211 3198 359 3258 0001000
395 3198 519 3269 Panurgi
558 3197 671 3254 nomine
712 3197 819 3252 Fannio
860 3195 1022 3252 dissolvisse

43 3263 59 3328 l·
77 3269 187 3326 Roscius
215 3271 366 3327 contendit.
410 3268 494 3324 Ouius
518 3269 653 3340 pecuniae
675 3286 741 3340 pars
764 3267 882 3322 dimidia
904 3285 967 3322 cum
990 3285 1023 3323 ex

44 3340 226 3411 astipulatione
252 3341 356 3397 Roscio
383 3341 542 3407 deberetur,
567 3343 663 3395 tamen
688 3342 800 3395 tantum
827 3338 910 3406 afuit,
937 3342 970 3394 ut
997 3339 1024 3395 ei

44 3409 163 3482 uinquam
180 3412 304 3468 Fannius
319 3413 406 3480 daret,
425 3415 458 3466 ut
472 3427 536 3466 eum
549 3411 579 3465 in
596 3410 731 3465 iudicium
748 3413 862 3467 vocaret
879 3412 1023 3478 tamquam

45 3491 75 3534 aa
89 3486 163 3552 parte
181 3483 211 3538 in
229 3487 323 3540 vetere
340 3484 391 3538 illa
409 3481 549 3540 decisione
566 3481 719 3538 fraudatus.
755 3480 931 3537 Aestimabat
948 3478 1025 3534 onim

78 3579 124 3624 010.
137 3583 167 3626 11
183 3585 201 3625 1.
794 3576 810 3624 6
