2404 3928
279 166 347 225 nra.
365 167 404 221 lv
436 166 513 224 uAP.
533 173 636 224 ae-rr
657 173 672 234 1
690 172 803 224 11-11.
974 167 1038 232 401

38 312 68 374 in
84 310 215 396 oppidis
237 310 378 396 Sicilias;
402 311 575 396 exquibus
599 311 661 376 iate
681 309 714 376 O.
728 310 875 378 Marcelli
898 315 1041 380 statuam

39 399 162 484 delegit,
179 400 280 466 ,cuius
301 399 408 466 officia
425 400 460 466 in
478 400 571 478 illam
589 399 755 466 civitatem
778 403 946 484 totamque
968 424 1041 486 pre

38 489 171 554 vinciam
186 489 412 556 recentissima
422 493 514 568 erant
529 491 561 554 et
575 488 724 554 maxima.
750 485 791 559 In
805 510 843 564 ea
857 486 1041 574 Sopatrum,

38 576 198 642 hominem
220 599 293 644 cum
314 577 401 643 domi
424 577 577 660 nobilem,
599 580 670 642 tum
694 598 825 642 summo.
844 577 1041 662 magistratu

18 665 230 749 specuium,
252 665 425 732 divaricari
447 687 484 732 ac
507 665 645 751 deli-gari
667 665 767 731 iubet.
802 663 872 742 Quo
896 665 1092 736 cruciatum

39 753 76 816 sit
102 753 267 837 adfectus,
294 753 402 820 venire
429 753 464 820 in
491 757 633 821 mentem
654 775 784 820 necesse
808 757 858 818 eet
881 753 1041 838 omnibus,

40 863 103 906 cum
121 847 214 918 esset
232 842 360 909 rinctus
378 841 482 908 nudus
504 842 541 908 in
563 848 645 926 1111,
667 841 702 906 in
724 842 832 925 imbri,
854 842 888 907 in
909 842 1040 928 frigore.

39 927 144 1014 Neque
172 934 288 996 tamen
309 931 383 996 finis
405 930 481 999 huic
502 929 638 998 iniuriae
659 930 909 1014 crudelitatique
931 931 1041 1015 fiebat,

41 1017 131 1083 donec
149 1020 293 1105 populus
313 1023 410 1103 atque
428 1017 776 1087 nniversamultitndo
799 1019 971 1084 atrocitate
993 1019 1041 1084 rei

13 1117 31 1158 1⁰
41 1106 319 1192 misericordiaque
343 1111 505 1178 commota
527 1110 676 1187 senatum
699 1109 841 1177 clamore
864 1107 981 1192 coegit,
1003 1110 1041 1173 ut

41 1193 90 1258 isti
108 1195 321 1262 simulacrum
338 1196 420 1260 illud
439 1195 577 1262 Mercuri
595 1195 813 1279 polliceretur.
845 1191 1040 1260 Clamabant

41 1281 110 1367 fore,
128 1287 167 1348 ut
181 1285 248 1371 ipsi
263 1306 332 1350 sese
347 1283 380 1350 di
393 1283 595 1350 immortales
612 1283 856 1367 ulciscerentur3
874 1283 1040 1348 hominem

41 1369 156 1438 interea
169 1373 278 1458 perire
292 1372 495 1439 innocentem
509 1393 575 1440 non
593 1375 751 1458 oportere.
787 1370 870 1438 Tum
888 1371 1040 1456 frequens

43 1463 165 1526 senatus
180 1462 223 1526 ad
241 1461 341 1526 istum
359 1461 458 1543 venit,
476 1460 648 1546 pollicetur
668 1460 805 1546 signnm.
836 1459 889 1525 Ita
902 1457 1041 1545 Sopater

15 1545 74 1610 nde
104 1553 218 1616 statua
248 1547 281 1614 Ο.
307 1548 467 1632 Marcelli,
499 1570 572 1615 cum
602 1549 668 1619 iam
699 1570 801 1633 paene
833 1548 1040 1636 obriguisset,

44 1634 88 1700 vir
109 1637 204 1703 rivus
229 1636 383 1708 aufertur.
582 1711 583 1716 ἵ

100 1723 176 1792 Non
199 1747 334 1812 possum
357 1725 513 1810 disposite
536 1725 636 1790 istum
660 1745 824 1807 accusare,
846 1724 875 1790 si
898 1725 1041 1809 cupiam3

45 1830 115 1892 opus
147 1819 199 1882 est
231 1836 297 1880 non
327 1815 433 1880 solum
460 1813 604 1900 ingenio,
635 1834 748 1878 rerum
776 1813 874 1877 etiam
902 1812 1091 1926 1111111141

45 1900 175 1980 quodam
195 1902 364 1989 singulari.
403 1900 512 1967 Unum
534 1901 596 1966 hoc
619 1900 741 1966 crimen
762 1900 891 1965 videtur
913 1921 983 1966 esse
1007 1905 1040 1965 et
1059 1941 1093 1990 88

18 1993 62 2048 Ma
77 2011 123 2054 me
140 2014 204 2077 pro
223 2013 286 2056 uno
305 1990 437 2075 ponitur
456 1989 495 2056 de
513 1988 671 2058 Mercurio
690 1987 925 2073 Tyndaritan03
944 1989 1040 2073 plura

47 2081 119 2160 sunt,
137 2081 195 2144 sed
214 2101 252 2144 ea
270 2101 333 2163 quo
352 2081 448 2164 pacto
467 2077 664 2164 distinguere
684 2099 721 2144 ac
738 2099 889 2162 separare
907 2077 1041 2162 possim,

46 2165 150 2232 nescio.
199 2166 260 2232 Est
287 2167 495 2252 pecuniarum
524 2170 706 2251 captarum,
734 2165 819 2251 quod
845 2165 975 2253 signum
998 2167 1039 2232 ab

48 2253 131 2318 sociis
157 2255 315 2341 pecuniae
338 2277 476 2342 magnae
499 2255 645 2339 sustulit,
672 2258 722 2320 est
744 2254 926 2340 peculatus,
955 2255 1041 2340 quod

18 2371 23 2384 ·
48 2339 202 2420 publicum
228 2343 341 2430 populi
362 2343 503 2409 Romani
530 2344 660 2429 signnm
688 2342 726 2408 de
752 2343 874 2428 praeda
896 2345 1041 2412 hostium

22 2431 177 2517 ²⁵ceptum,
198 2433 344 2516 positum
362 2431 568 2517 imperatoris
587 2431 693 2496 nostri
710 2432 840 2496 nomine
863 2453 929 2496 non
951 2431 1041 2497 dubi-

49 2515 120 2582 tavit
156 2520 297 2604 auferre,
333 2524 383 2586 est
419 2520 614 2602 maiestatis,
651 2519 737 2604 quod
767 2518 897 2603 imperii
926 2520 1041 2604 nostri,

50 2602 174 2694 gloriae,
207 2631 315 2674 rerum
343 2612 509 2695 gestarum
536 2611 745 2674 monumenta
772 2610 915 2673 evertere
943 2610 1040 2691 atque

50 2701 206 2774 asportare
242 2719 339 2763 ausus
377 2701 440 2782 est,
477 2700 527 2762 est
561 2696 707 2779 sceleris,
744 2695 830 2780 quod
865 2694 1040 2780 religiones

51 2783 196 2850 maximas
214 2785 359 2869 violavit,
378 2789 428 2850 est
446 2784 657 2867 crudelitatiS,
681 2784 766 2868 qnod
784 2784 818 2848 in
835 2783 1040 2851 innocentem

23 2861 215 2956 lohominem,
245 2873 281 2940 in
307 2873 431 2942 socium
458 2878 602 2939 vestrum
629 2876 727 2958 atque
755 2871 894 2938 amicum
919 2892 1040 2937 novum

52 2957 78 3015 tt
106 2961 267 3048 singulare
299 2960 450 3047 supplicii
482 2982 584 3047 genus
612 2960 823 3046 excogitavit3
853 2959 936 3025 illud
962 2980 1039 3024 vero
1058 2968 1092 3018 81

52 3043 116 3122 quid
138 3051 189 3135 sit,
212 3050 278 3118 iam
299 3071 367 3124 non
389 3069 471 3134 queo
495 3050 608 3134 dicere,
631 3071 694 3133 quo
716 3047 847 3114 nomine
871 3048 1041 3132 appellem,

50 3136 159 3222 nescio,
190 3138 276 3223 quod
307 3138 341 3206 in
369 3135 404 3204 O.
427 3137 574 3204 Marcelli
602 3141 719 3204 statua.
770 3133 853 3212 Quid
881 3139 931 3202 est
957 3135 1040 3226 hoc?

52 3224 235 3296 patronusne
261 3227 348 3310 quod
375 3226 468 3291 erat?
509 3223 592 3302 Quid
618 3225 711 3291 tum?
747 3246 812 3308 quo
837 3223 870 3289 id
893 3225 1041 3308 spectat?

24 3307 147 3378 ⁸⁵uirum
174 3337 213 3380 ea
238 3336 291 3379 res
319 3314 360 3380 ad
383 3337 479 3400 opem
502 3337 543 3380 an
567 3313 607 3378 ad
630 3312 851 3379 calamitatem
874 3312 1040 3378 clientium

54 3395 136 3480 tique
152 3402 318 3489 hospitum
336 3404 445 3468 valere
464 3401 624 3468 debebat?
647 3424 689 3468 an
706 3406 743 3466 ut
761 3401 822 3468 hoc
846 3402 1040 3485 ostenderes,

53 3490 151 3556 contra
164 3493 231 3558 vim
245 3495 336 3558 1111111
349 3493 384 3556 in
401 3491 549 3577 patronis
567 3489 720 3577 praesidii
737 3489 820 3556 nihil
839 3490 931 3556 esse?
961 3489 1040 3566 Quis

96 3597 144 3645 010.
157 3605 188 3646 11.
215 3608 231 3645 1.
793 3599 826 3646 26
