2470 3936
323 163 391 219 tm.
404 164 431 220 v
463 165 539 220 cnr.
558 171 663 222 as-ss
681 172 697 234 s
715 173 829 224 sc-oa.
1011 169 1075 236 451

61 308 762 481 tffiltttlffittlttflttt
776 311 905 484 trel
927 311 1077 466 affl

66 505 194 552 meroes
216 484 359 570 imperii,
385 485 512 570 auxilii,
533 486 627 570 iuris,
650 487 906 572 consuetudinis,
927 486 1076 554 foederis.

135 571 277 640 Habetis
303 572 399 638 unius
422 573 565 640 civitatis
587 575 717 641 firmum
740 575 896 642 auxilium
919 576 1075 644 amissum
1094 591 1129 641 oo

27 679 49 720 ⁸
68 683 106 728 ao
124 661 294 728 venditum
312 661 431 748 preti03
455 663 639 749 cognoscite
657 685 742 730 nuno
759 685 879 732 noram
923 665 1077 732 raedandi

66 751 232 816 radonem
268 749 309 815 ab
345 750 408 815 hoo
444 750 587 835 primum
622 752 850 839 excogitatam.
900 689 1130 839 1disciptinas

68 859 201 905 omnem
213 838 248 904 in
262 838 400 904 classem
413 836 587 923 mento,
605 840 766 925 stipendio
783 841 962 926 ceterisque
979 842 1077 908 rebus

69 949 128 993 suo
163 945 308 1012 quaeque
338 927 503 992 nauarcho
536 927 652 993 civitas
681 950 810 1014 semper
836 929 913 996 dare
941 931 1076 996 solebat.

68 1015 103 1080 Is
121 1035 235 1100 neque,
256 1018 300 1079 ut·
313 1019 518 1082 accusaretur
537 1039 557 1081 a
573 1017 693 1101 nautis,
715 1017 919 1083 committere
936 1019 1077 1084 audebat

18 1107 102 1168 rost
134 1103 261 1169 civibus
290 1103 359 1170 suis
390 1103 536 1169 rationes
566 1103 686 1170 referre
718 1104 858 1170 debebat
890 1109 923 1170 et
953 1106 989 1172 in
1016 1107 1076 1172 illo

68 1191 160 1257 omni
189 1191 322 1278 negotio
348 1211 415 1258 non
442 1191 538 1257 modo
565 1193 692 1277 labore,
722 1193 778 1258 sed
805 1194 905 1260 etiam
931 1193 1075 1280 periculo

69 1303 129 1346 suo
148 1279 349 1345 versabatur.
385 1278 468 1345 Erat
484 1280 555 1364 hoo,
574 1284 615 1346 ut
632 1281 713 1365 dico,
734 1280 921 1348 habitatum
940 1304 1076 1367 semper,

67 1389 128 1435 nec
148 1368 254 1434 solnm
272 1368 307 1432 in
324 1365 444 1452 Sicilia,
467 1369 576 1434 sedin
595 1369 746 1435 omnibus
768 1370 954 1455 provinciis,
976 1370 1076 1436 etiarn

68 1458 104 1521 in
132 1456 294 1522 sociorum
317 1458 350 1522 et
371 1455 563 1522 Latinorum
586 1458 748 1543 stipendio
771 1479 809 1524 ac
832 1462 977 1544 sumptu,
1005 1463 1076 1524 tum

26 1559 56 1604 ιε
69 1565 144 1612 cum
171 1545 304 1620 illorum
331 1544 461 1609 auxiliis
481 1546 533 1610 uti
554 1547 754 1630 solebamus3
774 1544 896 1613 Verres
918 1550 995 1632 post
1015 1547 1076 1612 im-

68 1634 197 1719 perium
223 1632 437 1698 cunstitutum
459 1633 585 1718 primus
606 1635 793 1719 imperarit,
819 1639 857 1700 ut
880 1657 919 1700 ea
940 1636 1076 1721 pecunia

69 1721 176 1788 omnis
203 1741 224 1786 a
253 1720 442 1786 civitatibus
475 1721 538 1786 sibi
570 1721 847 1807 adnumeraretur,
878 1726 916 1788 nt
946 1723 976 1788 is
1004 1745 1075 1788 eam

67 1809 424 1982 {tltltttttl
441 1810 626 1964 tttltt
643 1808 1076 1964 fflidddddssd
1094 1825 1127 1875 ⁶¹

32 1991 213 2053 ”veterem
239 1947 366 2072 primus
391 1985 577 2052 immutaris
604 1989 637 2051 et
662 1989 791 2052 tantam
817 1986 994 2052 utilitatem
1017 2009 1075 2072 per

69 2075 154 2141 alios
181 2075 369 2140 tractandae
396 2074 549 2160 pecuniae
575 2074 756 2161 neglexeris
784 2077 817 2140 et
840 2078 969 2140 tantam
992 2075 1075 2140 diffi-

69 2165 227 2231 cultatem
245 2183 318 2229 oum
336 2162 479 2248 crimine,
501 2162 685 2228 molestiam
703 2183 776 2228 cum
800 2163 982 2249 suspicione
1005 2185 1075 2230 sus

69 2252 216 2338 ceperis?
260 2250 385 2316 Dein&
416 2250 475 2316 alii
505 2253 659 2335 quaestus
683 2250 913 2337 instituuntur,
945 2275 983 2318 ex
1009 2275 1074 2318 uno

70 2359 188 2428 genero
201 2339 312 2406 navali
325 2338 432 2405 videte
446 2359 544 2423 qnam
558 2339 667 2404 multi!
691 2340 835 2424 accipere
849 2361 869 2404 a
887 2340 1074 2407 civitatibus

34 2445 57 2487 o
68 2429 249 2514 pecuniam,
265 2447 307 2493 ne
324 2430 441 2493 nautas
460 2426 583 2510 demut,
600 2425 706 2511 pretio
724 2431 813 2492 certo
832 2428 950 2493 missos
968 2427 1075 2494 facere

68 2521 201 2600 nautas,
229 2517 403 2582 missorum
430 2536 525 2580 omne
552 2513 748 2599 stipendium
773 2514 906 2600 lucrari,
931 2515 1075 2601 reliquis,

70 2604 156 2690 quod
179 2603 324 2688 deberet,
345 2623 411 2670 non
434 2602 510 2668 dare
537 2637 581 2650 -
608 2602 688 2667 haec
712 2602 821 2668 omnia
844 2624 882 2668 ex
905 2603 1074 2670 civitatum

69 2693 266 2759 testimoniis
280 2691 474 2778 cognoscite.
498 2689 621 2756 Recita.
644 2689 862 2758 Tnsrsnouss
877 2707 1073 2756 orvmsuun.
1084 2741 1127 2807 25

69 2780 219 2846 Huncine
235 2779 410 2863 hominem,
431 2779 568 2846 hancine
585 2779 818 2864 inpudentiam,
839 2779 969 2863 iudices,
990 2779 1074 2845 hauc
1092 2817 1126 2868 ,32

35 2887 58 2927 ω
71 2868 252 2936 audaciam!
274 2867 462 2934 oidtatibus
475 2889 535 2952 pro
552 2889 687 2933 numero
705 2867 848 2933 militum
865 2867 1075 2952 pecuniarum

71 2977 215 3024 summas
234 2955 418 3040 discribere,
435 2960 559 3021 eertum
575 2956 726 3040 pretium,
749 2977 897 3022 sescenos
914 2976 1074 3040 nummos,

70 3050 244 3113 nemorum
279 3043 443 3110 missionis
482 3044 691 3109 constituere!
732 3064 813 3128 quos
846 3043 902 3128 qui
933 3043 1074 3128 dederat,

71 3137 286 3202 commeatum
306 3133 409 3199 totius
432 3132 566 3198 aestatis
590 3131 780 3216 abstulerat,
801 3132 874 3216 iste,
896 3132 983 3216 quod
1006 3131 1074 3198 eius

70 3227 188 3288 naume
214 3221 344 3287 nomine
370 3241 431 3306 pro
458 3219 618 3306 stipendio
644 3219 871 3305 frumentoque
897 3224 1075 3304 acceperat,

35 3327 59 3370 re
71 3311 267 3378 lucrabatur.
298 3309 352 3374 Its
365 3313 519 3394 quaestus
534 3308 652 3392 duplex
669 3308 765 3374 unius
784 3307 947 3374 missionis
965 3308 1074 3374 fiebat.

70 3399 179 3484 Atque
206 3399 287 3464 haec
313 3398 412 3464 homo
440 3397 680 3462 amentissimus
703 3396 738 3461 in
759 3399 853 3462 tanto
876 3396 1074 3482 praedonum

70 3489 194 3573 impetu
208 3490 365 3570 tantoque
378 3485 522 3571 periculo
535 3484 721 3570 provinciae
735 3484 782 3550 sic
797 3485 908 3570 palam
925 3483 1074 3566 faciebat,

807 3585 863 3642 29*
