2422 3952
360 167 437 225 CAP.
456 175 559 225 29-31
579 175 594 236 ξ
613 177 726 226 89-97.
1005 173 1047 237 31

55 310 198 396 officium,
228 311 339 397 fidem,
372 313 589 398 diligentiam,
624 314 726 380 vitam
759 315 890 380 omnino
922 337 1050 401 semper

54 399 207 464 horridam
234 403 333 484 atque
360 400 485 466 aridam
512 401 600 467 cordi
627 401 736 468 fuisse.
785 402 856 468 ista
882 405 1050 488 superiora

54 509 113 552 esse
130 509 167 553 ao
184 488 360 572 plurimum
379 509 476 574 posse
494 489 546 554 his
564 491 709 556 moribus
733 491 841 556 sentit.
874 490 957 568 Quid
970 513 1048 579 ergo
1067 507 1102 557 94

54 575 114 640 est?
155 574 233 640 Non
260 597 362 660 usque
389 599 427 643 eo
450 582 574 662 tomen,
601 579 695 642 utin
717 578 823 664 capite
845 579 1050 664 fortunisque

34 663 207 730 ⁵homin'um
237 664 542 731 honestissimorum
565 666 770 732 dominentur
791 667 829 752 ii,
859 668 914 752 qui
936 670 1051 734 relicta

52 753 182 818 virorum
202 753 362 818 bonorum
380 753 553 838 disciplina
575 758 609 818 et
631 760 803 838 quaestum
825 759 859 821 et
882 760 1049 842 sumptum

53 839 177 905 Galloni·
200 841 292 925 sequi
318 842 503 907 meluerunt
533 845 630 926 atque
663 842 775 927 etiam,
808 843 894 928 quod
924 845 959 908 in
989 845 1049 909 illo

51 950 105 992 non
128 928 207 1012 fuit,
234 951 308 994 curn
337 929 471 996 audacia
492 930 691 1014 perfidiaque
712 932 870 996 vixerunt.
916 931 951 997 Si
972 933 1051 998 licet

52 1017 145 1082 rivere
159 1039 245 1102 eum,
263 1038 357 1101 quem
371 1015 442 1082 Sex.
456 1016 599 1084 Naevius
617 1041 684 1084 non
700 1020 781 1098 vult,
805 1021 833 1085 si
852 1024 902 1084 est
924 1020 1049 1086 homini

26 1104 176 1170 uhonesro
200 1105 291 1170 locus
313 1105 349 1170 in
370 1105 507 1172 civitate
526 1106 630 1171 invito
648 1107 782 1190 Naevio,
805 1108 834 1172 si
855 1107 907 1172 fas
931 1112 981 1173 est
1002 1129 1050 1172 re

53 1194 162 1277 spirare
176 1191 214 1257 P.
228 1191 413 1268 Quinctium
432 1197 547 1259 contra
563 1199 679 1260 nutum
702 1195 923 1280 dicionemque
937 1195 1050 1281 Naevi,

53 1283 173 1365 siquae
187 1281 311 1367 pudore
325 1287 516 1348 ornamenta
529 1282 592 1347 sibi
605 1283 742 1367 peperit,
760 1305 798 1348 ea
811 1287 921 1369 potest
935 1289 1050 1351 contra

52 1370 258 1453 petulantiam
284 1392 336 1435 me
363 1369 553 1437 defendente
581 1371 740 1456 obtinere,
770 1393 845 1458 spes
872 1376 923 1437 est
951 1373 1050 1437 etiam

53 1457 125 1524 hunc
140 1458 298 1524 miserum
316 1462 413 1542 atque
431 1459 593 1525 infelicem
612 1459 785 1543 aliquando
804 1459 935 1526 tandem
954 1483 1051 1547 posse

26 1547 226 1612 1⁵consistere.
272 1544 330 1611 Sin
353 1551 386 1611 et
406 1547 529 1633 poterit
552 1546 693 1613 Naevius
716 1549 763 1631 id,
786 1548 990 1635 quodlibet,
1017 1554 1051 1614 et

54 1635 77 1698 ei
99 1635 215 1700 libebit
236 1635 283 1718 id,
306 1635 391 1719 quod
413 1635 591 1718 nonlicet,
614 1635 690 1720 quid
713 1638 875 1722 agendum
898 1638 972 1703 est?
995 1638 1052 1722 qui

55 1722 118 1788 deus
140 1723 355 1809 appellandus
379 1725 450 1790 est?
474 1723 564 1790 cuius
584 1724 725 1789 hominis
744 1724 824 1790 fides
846 1725 1051 1810 imploranda

55 1813 114 1878 ost?
136 1812 193 1896 qui
212 1811 348 1895 denique
372 1815 519 1896 questus,
542 1813 598 1896 qui
621 1833 749 1877 maeror
772 1811 890 1897 dignus
913 1812 1051 1877 inveniri

55 1899 104 1982 [in]
126 1899 314 1965 calamitate
336 1903 431 1966 tanta
451 1900 582 1984 potest?
938 1985 945 2000 .
1061 1960 1102 2025 31

27 2001 45 2042 υ
107 1987 263 2054 Miserum
286 1991 337 2052 est
359 1988 525 2054 deturbari
546 1988 687 2053 fortunis
713 1987 878 2070 omnibus,
901 1987 1050 2052 miserius
1070 2035 1104 2086 95

54 2080 95 2140 est
114 2077 258 2159 iniuria5-
270 2076 426 2142 acerbum
444 2081 495 2141 est
517 2077 559 2141 ab
580 2076 689 2160 aliquo
709 2075 942 2161 circumveniri,
966 2097 1050 2142 acer·

54 2163 114 2228 bins
132 2187 152 2229 a
168 2164 368 2249 propinqu03
391 2164 617 2230 calamitosum
641 2168 690 2228 est
713 2164 808 2229 bonis
832 2163 943 2248 everti,
967 2165 1051 2230 cala-

55 2253 192 2318 mitosius
225 2274 299 2317 cum
330 2253 497 2336 dedecore,
527 2251 693 2318 funestum
721 2257 772 2318 est
799 2274 819 2317 a
845 2252 926 2317 forti
954 2257 1051 2336 atque

54 2339 180 2407 honesto
192 2341 264 2406 uiro
275 2341 426 2428 iugulari,
439 2339 599 2406 funestius
615 2341 656 2405 ab
670 2362 718 2424 eo,
732 2341 822 2406 cuius
833 2363 900 2406 ¹von
913 2341 948 2406 in
960 2362 1051 2425 prae

29 2430 134 2494 econio
166 2432 306 2514 quaestu
335 2429 497 2514 prost'tit3
528 2429 699 2514 indignum
731 2432 781 2493 est
812 2451 832 2493 a
863 2429 936 2513 pari
967 2428 1053 2495 vinci

57 2521 102 2580 aut
123 2518 297 2603 superiore,
319 2516 484 2603 indignius
507 2516 549 2582 ab
571 2517 724 2581 inferiore
748 2521 845 2600 atque
862 2515 1052 2600 humiliore3

56 2603 287 2671 luctuosumest
301 2605 386 2672 trudi
400 2605 496 2671 alteri
510 2627 582 2670 cunr
597 2604 701 2689 bonis,
715 2604 894 2670 luctuosius
908 2605 1053 2686 inimioo;

56 2690 199 2760 horribile
222 2698 273 2758 est
296 2714 427 2758 causam
449 2691 566 2777 capitis
590 2691 708 2776 dicere,
732 2693 921 2758 horribilius
944 2691 1053 2777 priore

58 2778 115 2847 loco
147 2782 263 2848 dicere.
317 2780 434 2846 Omnia
463 2781 690 2865 circumspexit
723 2778 906 2863 Quinctius,
942 2778 1052 2843 omnia
1071 2789 1105 2839 96

30 2871 246 2950 operiolitatus
278 2873 341 2954 est,
373 2867 408 2934 Ο.
432 2868 559 2954 Aquili3
591 2890 658 2934 non
684 2873 869 2954 praetorem
895 2866 1007 2948 modo,
1034 2889 1054 2931 a

58 2960 175 3038 quoius
196 2960 397 3042 impetraret,
419 2957 566 3022 invenire
580 2975 648 3021 non
664 2957 782 3042 potuit,
801 2958 898 3038 atque
917 2952 1054 3018 adeone

57 3046 126 3111 unde
148 3047 312 3112 arbitratu
335 3046 465 3130 quidem
488 3067 546 3110 suo
569 3045 765 3131 postularet,
789 3043 908 3108 sedne
932 3041 1053 3108 amicos

59 3135 172 3214 quidem
205 3133 287 3224 Sex,
308 3132 423 3218 Naevi,
454 3155 591 3218 quorum
619 3155 715 3217 saepe
742 3136 776 3198 et
803 3130 857 3196 diu
887 3130 928 3195 ad
955 3130 1054 3214 pedes

58 3219 142 3288 iacuit
176 3227 299 3288 stratus
323 3222 495 3288 obsecrans
522 3244 581 3307 per
604 3223 679 3286 deos
698 3219 911 3302 immortales,
932 3221 970 3283 ut
998 3221 1055 3282 aut

34 3317 152 3375 brecurri
178 3311 248 3375 iure
271 3310 502 3376 contenderent
527 3313 584 3374 aut
608 3308 760 3373 iniuriam
787 3308 855 3372 sine
875 3305 1056 3392 ignominia

62 3395 112 3460 sibi
148 3399 358 3484 imponerent.
430 3397 577 3481 Denique
619 3396 721 3480 ipsius
762 3395 885 3460 inimici
927 3393 1055 3459 vultum
1074 3403 1107 3450 9⁷

64 3487 311 3568 superbissimum
352 3485 466 3571 subiit,
502 3485 605 3570 ipsius
640 3481 710 3548 Sex.
741 3482 846 3550 Naevi
881 3480 1055 3545 lacrimans
