2422 3952
165 151 210 216 46
334 149 405 203 PRO
425 147 502 202 SEX.
522 146 652 202 ROSCIO
670 140 841 202 memo
859 145 1003 201 ORATIO.

164 294 267 375 naris3
299 292 385 377 quod
411 291 544 357 honoris
572 312 671 356 causa
697 293 791 375 pater
818 289 888 355 filio
917 311 977 356 suo
1009 289 1166 372 concessit,
1194 322 1195 327 ι

111 404 146 454 ιι
165 382 199 447 id
226 403 299 446 cum
326 380 477 466 supplicii
504 400 602 445 causa
627 378 743 444 fecisse
766 377 855 444 dicis.
900 376 1015 462 Neque
1035 377 1117 444 haec
1137 381 1167 441 ιι

165 492 231 536 ιιοιι
252 469 428 554 intellegis,
452 467 507 533 sed
530 488 632 551 usque
655 489 703 551 eo,
726 466 804 552 quid
827 487 957 552 arguas,
978 487 1044 532 non
1065 467 1167 548 habes,

164 563 291 626 utnon
313 557 409 624 modo
431 557 494 621 tibi
516 559 631 622 contra
651 575 712 622 nos
735 554 905 620 dicendum
926 558 1035 640 putes,
1065 575 1168 620 verum

166 647 265 713 ctiam
287 649 402 711 eontra
420 665 528 709 rerum
544 647 699 710 naturam
716 646 894 728 contraque
913 643 1169 709 consuetudinem

165 734 334 802 hominum
357 736 532 816 contraque
555 732 724 817 opiniones
747 731 902 799 omnium.

114 822 157 885 16
231 821 279 886 At
305 821 404 904 enim,
432 843 505 886 cum
532 820 613 887 duos
639 820 726 885 filios
746 819 903 905 {haberet
932 820 1075 886 altorum
1102 841 1169 886 asc

167 931 234 975 non
253 909 449 992 dimittebat,
472 909 612 974 alterum
629 908 698 974 ruri
721 929 791 973 esse
813 907 1010 992 patiebatur.
1042 907 1169 988 Quaeso,

165 997 278 1081 Eruci,
305 1003 344 1063 ut
370 998 433 1063 hoc
459 997 494 1062 in
520 997 642 1063 bonam
669 1001 797 1082 partem
821 996 976 1080 accipias3
1002 997 1169 1064 nonenim

112 1110 147 1159 46
167 1086 382 1171 exprobrandi
404 1107 514 1170 causa,
537 1086 593 1150 sed
616 1084 840 1150 commonendi
863 1084 971 1170 gratia
993 1084 1110 1152 dicam.
1142 1082 1173 1148 Si

166 1175 228 1240 tibi
254 1175 388 1241 fortuna
413 1196 481 1240 non
508 1173 609 1256 dedit,
635 1177 674 1238 ut
699 1177 794 1257 patre
817 1176 906 1238 certo
928 1193 1113 1256 nascerere,
1138 1194 1169 1236 ex
1197 1217 1198 1256 3

167 1284 231 1346 quo
254 1263 446 1348 intellegere
467 1283 594 1347 posses,
621 1261 677 1345 qui
700 1261 826 1326 animus
849 1261 976 1346 patrius
998 1261 1036 1325 in
1058 1261 1169 1326 liberos
1198 1309 1199 1346 3

166 1353 261 1434 esset,
280 1355 316 1416 at
333 1353 452 1416 natura
470 1354 556 1415 certe
574 1349 671 1433 dedit,
689 1353 727 1414 ut
744 1349 959 1415 humanitatis
977 1370 1046 1415 non
1063 1370 1170 1433 parum
1198 1397 1199 1402 η

166 1439 318 1522 haberem
339 1459 377 1503 co
396 1438 532 1503 accessit
550 1437 694 1504 studium
712 1436 886 1520 doctrinae,
904 1442 942 1502 ut
958 1459 1000 1502 me
1020 1460 1041 1502 a
1059 1437 1169 1502 litteris

167 1527 296 1610 quidem
320 1525 445 1591 alienus
468 1545 564 1591 esses.
604 1525 731 1610 Ecquid
750 1525 883 1590 tandem
901 1525 963 1590 tibi
981 1525 1120 1610 videtur,
1140 1527 1199 1593 ute

167 1614 208 1680 ad
234 1613 364 1679 fabulas
391 1613 573 1697 veniamus,
606 1635 702 1679 senex
728 1612 786 1679 ille
810 1611 1013 1680 Caecilianus
1045 1613 1171 1680 minoris

166 1703 272 1768 faeere
287 1701 483 1786 Eutychum,
499 1702 604 1767 filium
622 1703 789 1786 rusticum,
808 1723 906 1786 quam
919 1702 1015 1766 illum
1030 1703 1171 1782 alterum,
1199 1695 1200 1702 '

167 1789 456 1858 Chaerestratum‘?
484 1788 588 1876 (nam,
624 1795 662 1856 nt
693 1791 823 1876 opinor,
858 1790 920 1856 hoc
950 1791 1085 1856 nomine
1116 1789 1171 1872 est)

167 1881 306 1946 alterum
332 1880 367 1944 in
393 1881 474 1945 urbe
502 1901 610 1946 secum
637 1879 771 1945 honoris
801 1899 898 1944 causa
929 1878 1067 1964 habere,
1101 1879 1170 1943 alte-

113 1990 147 2039 47
167 1992 240 2036 rum
271 1991 327 2034 rus
359 1968 512 2052 supplicii
543 1989 641 2034 causa
671 1967 857 2053 relegasset
903 1965 999 2042 ‘Quid
1024 1968 1067 2033 ad
1098 1968 1201 2046 istas

166 2057 307 2140 ineptias
335 2055 441 2120 abisl'
471 2056 607 2138 inquies.
652 2055 753 2132 Quasi
775 2076 852 2121 vero
876 2055 957 2120 mihi
979 2054 1114 2121 difficile
1136 2054 1172 2118 sit
1200 2053 1201 2058 ’

113 2156 144 2187 ·'
168 2143 316 2227 quamuis
330 2143 451 2208 multos
466 2143 660 2208 nominatim
673 2143 827 2228 proferre,
844 2165 886 2208 ne
904 2144 1036 2230 longius
1056 2145 1172 2223 abeam,

167 2230 220 2295 vel
246 2230 384 2295 tribules
411 2230 463 2295 vel
486 2230 609 2297 vicinos
632 2253 736 2315 meos,
759 2232 815 2316 qui
837 2253 913 2296 suos
936 2231 1075 2311 liberos,
1100 2251 1171 2316 quos

167 2318 301 2403 plurimi
313 2317 446 2403 faciunt,
464 2318 626 2406 agricolas
641 2320 788 2386 assiduos
803 2319 878 2386 esse
890 2320 1033 2405 cupiunt.
1056 2319 1171 2385 Verum

166 2407 314 2472 homines
340 2409 438 2473 notos
461 2428 587 2473 sumere
611 2409 758 2474 odiosum
782 2413 845 2492 cst,
875 2430 949 2474 cum
971 2411 1004 2472 et
1026 2408 1112 2473 illud
1132 2407 1199 2471 ina

168 2497 292 2560 certum
316 2495 372 2579 sit,
398 2494 542 2562 velintne
564 2496 589 2560 ii
612 2517 683 2561 sese
704 2496 880 2580 nominari,
908 2500 942 2560 et
964 2518 1062 2562 nemo
1085 2495 1172 2562 vobis

167 2583 274 2670 magis
296 2587 394 2649 notus
416 2583 545 2649 futurus
570 2585 626 2667 sit,
655 2606 751 2668 quam
779 2588 830 2650 est
858 2583 912 2649 hic
934 2583 1119 2668 Eutychus,
1145 2585 1172 2646 et

167 2676 254 2738 certe
273 2670 314 2737 ad
336 2693 405 2736 rem
427 2672 510 2737 nihil
532 2672 671 2758 intersit,
693 2675 804 2738 utrum
825 2672 911 2737 hunc
933 2694 995 2758 ego
1019 2673 1172 2738 comicum

168 2761 407 2826 adulescentem
435 2782 478 2826 an
505 2760 646 2844 aliquem
673 2783 711 2826 ex
740 2782 821 2846 agro
844 2759 980 2825 Veiente
1002 2761 1172 2827 nominem.

166 2847 299 2915 Etenim
316 2849 397 2914 haec
415 2849 553 2914 conficta
570 2849 713 2914 arbitror
732 2870 801 2914 esse
820 2871 840 2914 a
858 2849 973 2933 po‘e'tis,
996 2852 1033 2914 ut
1052 2849 1201 2915 effictos!

167 2943 298 3004 nostros
320 2957 427 3002 mores
444 2937 479 3000 in
498 2936 613 3002 ahenis
631 2937 779 3022 personis
798 2958 1046 3022 expressamque
1065 2933 1173 3020 imagi-

114 3043 149 3093 48
167 3046 243 3090 nem
267 3027 442 3106 [nostram]
465 3025 553 3090 ritae
571 3025 752 3091 cotidianae
771 3025 961 3090 videremus.
997 3027 1071 3110 Age
1084 3044 1173 3102 nunc,

168 3111 252 3176 refer
276 3113 420 3180 ammam
443 3113 487 3178 sis
511 3112 552 3178 ad
570 3114 742 3180 veritatem
757 3117 790 3178 et
802 3112 980 3196 considera,
1001 3135 1069 3179 non
1081 3111 1172 3178 modo

167 3199 202 3264 in
220 3197 359 3265 Umbria
377 3204 474 3285 atque
492 3201 527 3267 iu
547 3223 586 3267 ea
607 3201 783 3285 vicinitate,
808 3201 865 3266 sed
886 3201 921 3266 in
943 3202 994 3266 his
1013 3201 1171 3267 veteribus

168 3287 351 3371 municipiis
385 3303 466 3373 quae
499 3289 607 3355 studia
640 3311 660 3354 a
686 3289 836 3375 patribus
862 3289 1005 3354 familias
1037 3289 1201 3356 maximell

168 3374 355 3458 laudentur,
385 3375 452 3441 iam
482 3377 629 3460 profecto
661 3380 695 3442 te
725 3378 897 3463 intelleges
928 3378 1039 3462 inopia
1070 3374 1170 3442 crimi·

167 3483 246 3526 num
260 3483 421 3526 summam
440 3462 569 3529 laudem
594 3463 664 3529 Sex.
683 3464 801 3530 Roscio
824 3464 906 3530 vitio
930 3470 964 3529 et
986 3467 1100 3550 culpae
1123 3464 1172 3526 de-
