2404 3928
154 156 221 220 410
454 153 493 208 IN
512 153 540 210 C.
561 152 714 222 vassall
731 151 809 206 ACT.
829 151 862 206 11,

155 297 362 364 Hennensem
375 296 525 364 Cererem
544 297 684 364 maxime
703 297 823 364 colunt.
860 294 993 362 Etenim
1014 296 1042 361 si
1058 294 1143 359 Athe

154 387 315 454 niensium
336 409 428 453 sacra
446 407 574 452 summa
590 385 767 470 cupiditate
786 388 992 468 expetuntur,
1015 383 1056 448 sd
1076 404 1144 467 quos

156 474 253 542 Cerea
271 475 306 540 iu
323 475 382 542 illo
400 497 509 540 errore
521 474 653 540 -rauisse
670 473 789 540 dicitur
806 472 983 560 frugesque
1000 473 1145 556 atullisse,

157 568 312 650 quantam
340 585 409 630 esse
432 564 623 650 religionem
645 562 795 628 convenit
817 581 944 646 eorum,
970 561 1057 646 apud
1075 582 1146 645 qnos

158 675 229 718 eam
252 656 366 720 natam
389 673 459 718 esse
482 655 515 718 et
536 651 648 738 fruges
672 651 833 716 invenisse
856 650 1008 716 constat?
1047 650 1167 733 ltaques

157 741 242 827 apud
273 744 382 826 patres
415 744 546 806 nostros
579 739 681 806 atroci
713 761 750 806 ac
782 738 908 804 difficili
937 738 985 806 rei
1014 739 1148 824 publicae

156 834 316 914 tempore,
344 851 416 894 cum
444 827 492 893 Ti.
512 827 659 894 Graccho
687 827 790 894 occiso
819 849 1014 914 magnorum
1040 828 1149 912 pericu-

156 919 264 983 lorum
291 920 396 982 metus
425 939 464 981 ex
492 917 629 982 ostentis
656 915 916 1002 portenderetur,
942 915 978 980 P.
998 915 1101 982 Mucio
1120 914 1148 978 L.

158 1003 334 1089 Calpurnio
353 1005 539 1070 oonsulibus
563 1004 686 1071 aditum
710 1009 760 1070 est
783 1003 824 1069 ad
847 1004 951 1070 libros
972 1002 1149 1090 Sibyllinoq

159 1117 196 1160 ex
225 1094 340 1179 quibus
368 1095 536 1160 inventum
565 1097 615 1158 est
638 1091 787 1158 Cererem
811 1093 1073 1177 antiquissimam
1094 1093 1150 1176 pla
1161 1115 1178 1154 11

158 1184 225 1249 cari
257 1186 415 1267 oportere.
464 1181 547 1247 'l'um
577 1203 616 1246 ex
644 1181 845 1266 amplissimo
873 1182 1014 1268 collegio
1041 1182 1151 1247 decem·

157 1272 253 1337 virali
280 1270 462 1336 sacerdotes
490 1270 603 1355 populi
629 1269 782 1354 Romani,
809 1291 882 1336 cum
910 1275 998 1336 esset
1024 1270 1151 1336 innrbe

156 1365 270 1424 nostra
298 1358 423 1425 Cereris
456 1358 708 1445 pulcherrimum
741 1361 773 1422 et
805 1359 1151 1444 magnificentissimum

157 1447 325 1532 templum,
348 1451 460 1512 tamen
479 1469 580 1531 usque
598 1446 748 1511 Hennam
771 1445 909 1530 profecti
932 1453 1018 1512 sunt.
1058 1447 1151 1512 Tanta

157 1538 228 1600 erat
255 1535 341 1598 enim
369 1535 546 1600 auctoritas
570 1539 603 1600 et
625 1538 771 1599 vetustas
794 1534 884 1599 illius
908 1535 1089 1621 religionis,
1113 1539 1179 1616 nte

158 1644 229 1690 cum
252 1622 331 1700 illuc
353 1623 447 1706 irent,
470 1645 536 1689 non
559 1624 599 1688 ad
623 1622 734 1709 aedem
757 1621 892 1707 Cereris,
915 1624 974 1688 sed
996 1624 1037 1689 ad
1058 1624 1150 1708 ipsam

107 1723 157 1774 109
177 1709 327 1776 Cererem
340 1711 501 1794 proficisci
514 1711 709 1776 viderentur.
740 1709 815 1776 Non
830 1711 1010 1794 optandam
1031 1713 1151 1792 diutius,

159 1801 279 1865 etenim
306 1800 372 1865 iam
400 1799 519 1865 dudum
547 1821 672 1882 vereor,
698 1820 739 1864 ne
767 1799 873 1864 oratio
897 1821 970 1864 msa
994 1801 1097 1865 aliena
1116 1800 1150 1864 ab

158 1889 350 1954 iudiciorum
368 1889 494 1953 ratione
514 1891 546 1953 et
565 1911 584 1952 a
602 1887 765 1952 cotidiana
785 1887 911 1952 dicendi
933 1889 1151 1953 consuetudine

159 1998 229 2041 esse
256 1975 413 2041 videatur.
458 1976 530 2041 Hoc
557 1975 641 2060 dico,
667 1974 752 2041 hanc
779 1975 884 2060 ipsam
908 1975 1058 2042 Cererem
1080 1976 1180 2042 anti-a

159 2064 362 2148 quissimam,
398 2064 692 2149 religiosissimam,
723 2063 902 2148 principem
935 2066 1078 2132 omnium
1107 2087 1150 2128 sa·

159 2172 300 2233 crorum,
330 2171 413 2233 quae
440 2152 525 2236 apud
553 2173 664 2218 omnes
692 2155 806 2238 gentes
832 2153 1045 2237 nationesque
1070 2155 1150 2234 liunt,

111 2259 116 2272 ·
159 2260 178 2303 a
201 2236 236 2302 C.
249 2236 352 2302 Verre
375 2259 414 2302 ex
437 2239 504 2303 suis
528 2240 660 2325 templis
684 2261 721 2305 ac
743 2240 873 2305 sedibus
896 2263 967 2306 esse
990 2243 1149 2307 sublatam.

158 2323 220 2401 Cui
247 2325 428 2390 accessistis
455 2325 619 2412 Hennam,
646 2327 774 2394 vidistis
802 2329 1012 2395 simulacrum
1037 2327 1149 2395 Cereris

158 2435 176 2479 e
207 2436 368 2480 marmore
400 2419 432 2480 et
464 2415 498 2479 in
530 2417 634 2481 altero
666 2417 789 2500 templo
818 2416 962 2484 Liberae.
1011 2416 1090 2484 Sunt
1116 2435 1180 2479 eas

158 2504 327 2588 perampla
355 2507 453 2587 atque
480 2505 660 2589 praeclara,
688 2505 831 2570 sednon
854 2507 901 2570 ita
923 2507 1066 2590 antiqua
1105 2504 1149 2569 Ex

159 2613 232 2657 aere
263 2591 326 2656 fuit
356 2592 517 2676 quoddam
544 2592 670 2658 modica
697 2593 910 2677 amplitudine
938 2617 975 2659 ac
1003 2592 1149 2680 singulari

24 2755 34 2772 ·
158 2700 255 2764 opere
269 2701 342 2744 cum
357 2678 483 2745 facibus
501 2682 738 2765 perantiquum,
757 2681 902 2749 omnium
919 2682 1060 2766 illorum,
1078 2701 1149 2766 quae

159 2771 235 2832 sunt
262 2768 296 2832 in
323 2789 361 2832 eo
388 2767 479 2852 fano,
510 2769 615 2834 multo
643 2768 914 2852 antiquissimum.
963 2770 1002 2835 Id
1029 2769 1149 2835 sustulit

107 2865 158 2915 110
177 2877 214 2920 ac
234 2859 400 2922 tamense
419 2859 588 2921 contentus
607 2879 674 2921 uon
691 2857 778 2922 fulta
799 2857 888 2922 Ante
906 2857 1017 2926 aedem
1036 2858 1179 2925 Cereriss

158 2943 192 3007 in
219 2948 333 3027 aperto
362 2966 399 3009 ac
424 2945 599 3029 propatulo
621 2946 692 3012 loco
717 2945 811 3030 signa
834 2946 896 3011 duo
920 2951 1009 3031 sunt,
1036 2946 1149 3012 Cereris

157 3053 271 3115 unum,
295 3033 433 3096 alterum
457 3032 662 3116 Triptolemi,
685 3033 903 3118 pulcherrima
926 3057 963 3100 ac
985 3035 1150 3120 perampla

157 3116 369 3184 Pulchritudo
383 3121 537 3205 periculo,
555 3121 733 3206 amplitudo
748 3121 847 3186 saluti
860 3123 932 3206 luit,
951 3122 1036 3207 quod
1051 3143 1150 3190 eorum

159 3204 325 3272 demolitio
349 3212 447 3292 atque
471 3208 650 3293 asportatio
673 3209 871 3293 perdifficilis
894 3211 1072 3276 videbatur.
1106 3209 1150 3272 ln-

158 3291 295 3355 sistebat
322 3294 357 3357 in
385 3317 482 3360 manu
509 3294 635 3370 Cereris
662 3297 776 3362 dextra
803 3298 925 3384 grande
953 3299 1178 3364 simulacraue

158 3375 374 3456 pulcherrime
392 3381 514 3448 factum
524 3382 702 3468 Victoriae,
725 3384 787 3452 hoc
804 3387 867 3452 iste
885 3408 904 3450 e
927 3388 1021 3474 siguo
1036 3385 1149 3454 Cereris

159 3459 362 3526 avellendum
385 3471 680 3555 asportandumque
704 3474 838 3539 curavit.
