2422 3952
356 172 433 232 CAP.
451 179 499 242 28,
518 179 552 229 29
571 179 587 240 ἕ
607 179 720 231 to-s1.
998 177 1040 242 57

55 315 1042 490 equuleus,classenses

55 493 146 555 turum
168 493 336 576 pollicitus
363 455 450 578 sniis,
478 515 551 560 cnm
577 494 689 560 Eruci·
703 495 840 560 crimina
867 495 1042 564 diluissem

105 576 203 663 Nunc,
217 580 325 665 Eruci,
343 581 384 646 ad
396 586 431 646 te
444 583 547 649 venio.
570 580 750 649 Conveniat
767 582 848 648 mihi
865 587 973 650 tecum
989 606 1042 649 ne·
1051 560 1094 686 ἓξ

36 681 126 730 suessa
136 671 195 751 est,
209 669 240 733 si
250 669 293 734 ad
302 669 388 735 hunc
400 671 594 737 maleficium
604 671 693 736 istud
702 671 853 756 pertinet,
866 676 924 736 ant
935 673 1043 756 ipsum

54 773 101 818 sua
126 777 230 821 manu
255 757 385 842 fecisse,
415 757 450 822 id
482 759 568 842 quod
597 780 713 846 negas,
744 764 802 825 aut
830 781 888 844 per
914 761 1043 844 aliquos

55 841 154 908 liberos
185 848 246 910 ant
272 867 392 911 servos.
437 843 636 913 Liberesne?
668 869 749 932 quos
775 869 879 932 neque
905 853 944 914 nt
969 869 1043 914 cun·

54 931 143 995 venire
158 934 308 1016 potnerit
326 953 430 1017 neque
453 955 518 1018 qna
539 936 665 1000 natione
687 935 836 1001 inducere
859 957 962 1020 neque
985 937 1043 1002 ubi

53 1037 137 1100 neque
157 1041 217 1103 per
242 1043 325 1106 quos
346 1041 450 1106 neque
473 1044 538 1107 qua
560 1045 617 1108 spe
640 1027 699 1088 ant
719 1044 783 1107 qno
806 1025 925 1108 pretio,
947 1029 1042 1109 potes

28 1107 210 1174 tedendere.
247 1109 322 1195 Ego
342 1114 454 1175 contra
473 1111 608 1177 ostendo
626 1131 693 1176 non
710 1111 806 1178 modo
823 1111 908 1176 nihil
930 1132 1043 1178 aarum

54 1192 146 1260 fcisse
168 1193 243 1262 Sex.
261 1197 429 1281 Roscium,
457 1198 514 1265 sed
539 1219 580 1263 ne
607 1199 753 1282 putuisse
776 1199 906 1282 quidem
927 1198 1043 1283 facere,

53 1282 121 1362 quod
135 1305 243 1368 neque
261 1283 386 1350 Romae
403 1287 516 1351 multis
535 1287 629 1355 annis
645 1287 747 1354 inerit
763 1308 868 1370 neque
891 1287 930 1353 de
951 1310 1043 1373 prae·

53 1367 99 1433 diis
126 1393 284 1456 uinquam
315 1377 437 1439 temere
469 1375 661 1440 discesserit.
704 1374 842 1440 Restanc
869 1376 931 1442 tibi
957 1375 1043 1440 vide·

54 1456 129 1522 tatm
146 1481 319 1526 servorum
340 1483 468 1546 nomen,
490 1485 555 1547 quo
577 1464 670 1546 quasi
692 1463 881 1548 inpactum
904 1463 1042 1530 reiectus

28 1550 181 1614 tausteris
201 1550 443 1634 suspicionibus
461 1551 636 1636 confugere
653 1572 780 1636 posses3
797 1552 854 1617 nbi
872 1553 1041 1637 scopulum

54 1633 166 1700 offudis
190 1638 264 1702 eins
287 1637 384 1721 modi,
406 1643 531 1704 utnon
553 1640 650 1704 modo
673 1640 715 1704 ab
737 1639 801 1705 boe
821 1640 943 1706 crimen
965 1640 1042 1706 resi·

54 1719 97 1784 lire
108 1723 230 1809 videas,
247 1745 360 1790 verum
374 1746 502 1791 omnem
521 1726 737 1812 suspicionem
754 1727 790 1792 in
807 1731 935 1794 vosmet
952 1727 1042 1811 ipsos

53 1810 170 1878 roudus
187 1813 376 1899 intellegas
416 1813 500 1890 Quid
518 1836 596 1901 ergo
616 1815 688 1880 est?
711 1836 776 1898 quo
796 1815 929 1880 tandem
952 1835 1042 1880 accu-
1060 1831 1094 1881 80

53 1900 123 1963 sator
155 1901 274 1986 inopia
309 1907 574 1988 argumentorum
611 1902 780 1989 confugit?
827 1901 922 1966 ‘Eius
954 1901 1042 1968 modi

28 1987 160 2072 »tenpus
186 1988 283 2073 erat',
304 1990 419 2075 inquit,
442 1990 490 2056 ‘nt
512 1991 660 2057 homines
682 1991 783 2076 vulgo
805 1991 936 2074 impune
960 1991 1043 2055 occi-

53 2071 197 2161 derentur3
212 2099 314 2162 qnare
326 2078 389 2143 hoc
398 2083 436 2143 tu
446 2084 583 2164 propter
595 2079 838 2144 multitudinem
850 2077 1042 2144 sicariorum

52 2161 278 2252 nullanegotia
294 2166 401 2231 facere
423 2165 579 2251 potuisti'
620 2167 788 2232 Interdum
810 2166 891 2232 mihi
913 2166 1042 2251 videris,

52 2245 139 2334 luci,
159 2275 231 2319 nna
247 2254 393 2319 mercede
411 2254 490 2320 duas
508 2274 561 2320 res
581 2256 717 2340 assequi
728 2255 822 2339 velle,
844 2275 905 2320 nus
923 2255 1041 2322 iudicio

53 2339 240 2425 munuera,
267 2363 417 2408 accusare
440 2347 549 2408 autem
573 2364 627 2408 cos
650 2344 754 2428 ipsos,
778 2365 799 2407 a
822 2342 938 2426 quibus
961 2364 1042 2408 mer·

29 2423 141 2492 vadem
161 2430 328 2514 sucepisti.
369 2430 453 2507 Quid
476 2431 546 2496 ais?
571 2432 671 2517 vulgo
694 2431 944 2497 occidebantur?
979 2429 1042 2496 Per

54 2531 116 2593 quos
132 2521 165 2580 et
185 2541 208 2582 a
227 2518 368 2601 quibus?
403 2517 520 2584 Nonne
537 2521 664 2604 cogites
682 2523 716 2584 te
734 2541 755 2584 a
777 2518 957 2584 sectoribus
978 2518 1042 2585 hnc

54 2599 207 2669 adductum
226 2606 319 2670 esse?
343 2605 427 2682 Quid
444 2608 581 2691 postca?
613 2606 783 2672 Nescimus
803 2627 861 2691 per
878 2607 945 2672 ista
962 2611 1041 2670 tem·

53 2707 116 2768 pora
127 2693 257 2758 eosdem
272 2693 340 2758 fere
354 2698 495 2760 sectores
513 2694 612 2760 fnisse
631 2695 790 2760 collorum
808 2699 841 2759 et
859 2693 1041 2760 bonorum?

54 2771 242 2865 lidenique,
269 2781 327 2866 qui
347 2785 418 2847 tum
442 2783 560 2848 armati
583 2784 650 2848 dies
673 2787 850 2867 noctmqu‘e
872 2801 1040 2846 concursa-
1060 2796 1091 2844 ει

29 2860 129 2950 theut,
149 2869 207 2952 qui
229 2868 354 2934 Romae
377 2874 469 2935 erant
491 2871 626 2954 assidui,
649 2871 706 2954 qui
728 2871 984 2953 omnitempore
1006 2869 1041 2934 in

54 2955 153 3030 praeda
180 2960 215 3022 et
239 2957 456 3043 insanguine
477 2959 704 3042 venabantur,
731 2956 802 3023 Sex.
820 2957 939 3021 Roscio
962 2960 1041 3022 tem-

54 3041 125 3134 poris
157 3045 250 3109 illius
287 3046 499 3111 acerbitatem
533 3047 803 3130 iniquitatemque
836 3043 977 3110 obicient
1008 3050 1042 3111 et

54 3124 129 3194 lllan
142 3132 346 3198 sicariorum
373 3133 629 3218 multitudinem,
654 3135 689 3199 in
713 3155 776 3217 qua
798 3133 863 3218 ipsi
884 3132 980 3200 duces
1003 3157 1043 3199 cc

32 3215 954 3395 samua
968 3243 1042 3395 si

55 3393 134 3477 retur,
156 3397 302 3482 nescivit,
319 3402 493 3483 prepterea
511 3399 600 3482 quod
616 3358 859 3480 ruri'assiduus,
882 3417 978 3482 quem
1000 3397 1042 3462 ad

56 3479 167 3548 nudum
188 3489 259 3550 tute
282 3485 462 3571 confiteris,
481 3486 554 3550 fnit.
