2402 3936
152 147 217 211 258
453 143 492 198 IN
512 143 540 199 O.
555 143 711 200 VERREM
729 143 810 198 AGT.
828 143 862 197 II.

152 291 317 357 hominem
336 294 490 374 cuperent
509 292 661 371 evertere,
684 287 752 352 eius
778 286 921 372 effigiem
945 287 1162 353 simulacmm-

153 402 214 464 que
229 400 366 463 servare,
390 377 447 443 sed
460 379 570 442 tamen
588 375 747 461 videbam,
772 375 856 461 apud
876 397 932 440 eos
955 398 1031 441 eum
1053 398 1162 458 essem,

152 474 186 534 et
208 467 399 554 religionem
418 464 670 548 assequendam
692 464 726 528 in
748 464 801 528 his
824 464 923 528 rebus
946 487 966 528 a
989 465 1162 529 maioribus

152 557 319 640 traditam,
337 560 371 621 et
383 555 446 619 hoc
459 553 629 639 disputari,
652 574 725 616 cum
744 556 854 617 statua
872 573 907 618 se
927 553 996 617 eius
1014 553 1164 618 habuisse

153 645 310 730 temporis
328 643 499 725 rationem,
518 662 582 726 quo
600 641 710 725 posita
727 644 823 725 esset,
845 662 919 705 cum
938 640 1074 706 homine
1093 641 1184 724 eius,s

100 740 144 804 66
153 756 217 818 quo
245 734 372 818 gereret
398 731 523 795 bellum
552 733 650 813 atque
677 729 783 794 hostis
811 733 906 794 esset.
951 728 1085 794 Videtis
1111 730 1165 815 igi·

152 828 207 887 tur
243 819 508 886 consuetudinem
544 818 801 903 religionemque
837 817 1052 899 Graecorum,
1089 840 1164 902 quae

154 912 366 974 monumenta
392 907 537 972 hostium
564 906 599 970 in
628 907 717 971 bello
746 907 819 991 ipso
852 906 957 971 soleat
990 905 1164 989 defendere,

155 1019 226 1062 eam
251 1018 378 1062 summa
399 996 434 1060 in
456 1017 535 1081 pace
557 995 719 1079 praetoris
741 994 856 1080 populi
877 993 1021 1060 Romani
1053 995 1163 1060 statuis

103 1101 153 1150 160
170 1085 332 1172 praesidio
365 1106 431 1151 non
461 1084 571 1149 fuisse.
625 1082 906 1166 Tauromenitani,
943 1105 1085 1167 quorum
1120 1088 1189 1147 esti

154 1175 269 1240 civitas
291 1174 468 1256 foederata,
489 1171 638 1237 homines
661 1171 865 1255 quietissimi,
888 1172 945 1256 qui
967 1171 1110 1236 maxime
1128 1172 1163 1235 ab

153 1262 280 1328 iniuriis
316 1255 517 1327 nostrorum
536 1260 790 1345 magistratuum
821 1260 941 1324 remoti
974 1263 1163 1325 consuerant

155 1373 224 1416 esse
238 1350 400 1435 praesidio
413 1349 563 1432 foederis,
581 1348 616 1413 hi
629 1352 741 1412 tamen
753 1347 850 1413 istius
865 1351 1011 1413 evertere
1025 1352 1163 1413 statuam

153 1459 220 1503 non
247 1438 491 1520 dubitaverunt3
519 1459 583 1520 qua
611 1437 738 1502 abiecta
764 1437 869 1501 basim
896 1440 1010 1500 tamen
1035 1437 1072 1500 in
1097 1436 1161 1500 foro

30 1559 36 1567 ³
154 1546 285 1590 manere
299 1526 481 1608 voluerunt,
500 1525 587 1609 quod
601 1525 732 1608 gravius
746 1525 781 1588 in
793 1525 894 1589 istum
908 1523 979 1588 fore
997 1525 1180 1608 putabant,1

155 1613 184 1678 si
207 1612 326 1678 scirent
348 1612 496 1677 homines
520 1617 665 1678 statuam
683 1613 751 1678 eius
766 1635 785 1677 a
800 1612 1084 1676 Tauromenitanis
1098 1634 1161 1676 esse

155 1701 328 1785 deiectam,
366 1723 462 1786 quam
500 1701 528 1765 si
564 1701 689 1766 nullam
725 1723 879 1784 umquam
915 1701 1060 1785 positam
1097 1721 1161 1764 esse

60 1840 62 1848 ,
130 1817 137 1826 ·
156 1790 403 1856 arbitrarentur.
438 1789 651 1874 Tyndaritani
670 1789 853 1854 deiecerunt
870 1789 907 1852 in
921 1787 995 1854 foro
1009 1792 1043 1852 et
1056 1789 1160 1854 eadem

156 1879 194 1944 de
217 1901 315 1945 causa
338 1901 457 1962 equum
475 1879 603 1943 inanem
617 1878 825 1961 reliquerunt.
856 1875 1036 1960 Leontinis,
1049 1877 1161 1942 misera

155 1968 190 2031 in
222 1967 356 2033 civitate
387 1970 485 2051 atque
516 1965 619 2048 inani,
654 1970 765 2030 tamen
795 1964 890 2029 istius
923 1965 958 2028 in
996 1965 1186 2051 gymnasio

156 2058 266 2118 statua
298 2054 421 2118 deiecta
453 2057 512 2117 est.
566 2053 652 2118 Nam
685 2053 762 2137 quid
793 2075 855 2139 ego
887 2053 926 2117 de
957 2051 1160 2138 Syracusanis

138 2141 292 2223 eloquar?
321 2141 408 2225 quod
433 2145 578 2204 nonest
600 2142 768 2227 proprium
792 2141 1082 2225 Syracusanorum,
1109 2141 1161 2206 sed

155 2231 188 2291 et
210 2227 343 2292 illorum
363 2230 396 2292 et
414 2249 584 2293 commune
603 2234 779 2295 conventus
793 2229 882 2294 illius
897 2251 935 2294 ac
944 2252 1052 2316 prope
1065 2231 1159 2295 totius

153 2315 348 2400 provinciae.
388 2315 517 2391 Quanta
538 2317 608 2383 illic
631 2317 819 2400 multitudo,
847 2319 1043 2401 quantavis
1065 2318 1159 2384 homi·

153 2403 234 2468 nuni
252 2405 439 2470 convenisse
457 2403 625 2470 dicebatur
643 2411 723 2489 tum,
741 2427 814 2470 cum
833 2409 963 2471 statuae
982 2411 1059 2472 sunt
1071 2407 1188 2472 istiusce

156 2491 297 2558 deiectae
329 2497 363 2558 et
393 2496 540 2558 eversae!
585 2493 722 2578 Atque
750 2495 835 2558 loco!
881 2492 1100 2561 Celeberrimo
1126 2515 1158 2557 ac

155 2580 403 2668 religiosissimo
437 2585 512 2646 ante
543 2583 651 2667 ipsum
683 2579 830 2666 Serapim
861 2582 896 2646 in
932 2583 1041 2666 primo
1077 2583 1159 2647 aditu

155 2670 382 2754 vestibuloque
404 2670 528 2755 templi.
565 2669 722 2746 Quodnisi
743 2670 896 2735 Metellus
919 2670 983 2736 hoc
1006 2676 1076 2738 tam
1094 2692 1158 2756 gra·

154 2759 239 2824 viter
262 2758 383 2846 egisset
406 2761 504 2842 atque
526 2759 620 2824 illam
642 2781 711 2823 rem
733 2759 870 2841 imperio
895 2759 1067 2845 edictoque
1091 2780 1157 2844 pro

154 2847 328 2932 hibuisset,
359 2846 536 2931 vestigium
563 2851 745 2912 statuarum
772 2847 867 2912 istius
894 2846 929 2911 in
956 2851 1031 2913 tota
1059 2846 1188 2913 Siciliae

9 2981 10 3008 ;
154 2937 282 3000 nullum
305 2939 391 3000 esset
413 2934 573 3000 relietum.

9 3025 10 3062 ³
104 3042 153 3090 161
221 3022 330 3108 Atque
358 3043 419 3108 ego
446 3022 509 3088 hoc
535 3045 602 3088 non
629 3044 755 3107 vereor,
783 3045 825 3088 ne
852 3023 931 3106 quid
957 3023 1076 3089 horum
1100 3043 1156 3087 nou

155 3109 251 3173 modo
277 3112 434 3195 impulsu,
466 3132 578 3176 rerum
608 3111 739 3176 omniuo
768 3111 908 3176 aduentu
939 3134 1012 3177 meo
1043 3113 1155 3177 iactum

155 3217 225 3261 esse
242 3197 400 3263 rideatur.
441 3198 559 3264 Omnia
575 3199 642 3264 ista
664 3203 740 3264 ante
762 3198 851 3265 iacta
873 3203 959 3283 sunt,
980 3222 1048 3265 non
1070 3197 1155 3266 modo

156 3305 253 3364 quam
281 3289 342 3370 ego
365 3285 523 3370 Siciliam,
549 3309 662 3352 verum
691 3287 791 3352 etiam
820 3309 917 3371 quam
947 3288 1011 3354 iste
1033 3288 1186 3354 Italiam&

155 3369 276 3450 attigit.
316 3371 404 3434 Dum
427 3379 488 3458 eg'o
506 3375 542 3438 in
564 3373 675 3439 Sicilia
693 3396 773 3458 sum,
796 3375 889 3440 nulla
910 3379 1021 3441 statua
1044 3376 1155 3441 deiecta

156 3457 219 3534 est3
254 3459 467 3538 posteaquam
507 3461 599 3526 illinc
639 3462 786 3545 ffiscessi,
834 3485 916 3547 quae
956 3463 1023 3528 siut
1062 3468 1155 3550 gesta,
