2386 3938
260 194 327 251 LIB.
345 196 360 250 1
391 195 468 252 cAP.
488 201 592 252 25—27
612 201 755 262 §el-es.
957 197 1020 262 165

41 359 94 402 esse
112 337 315 424 Graecorum,
337 343 375 405 ut
397 340 433 404 in
454 339 603 406 conuiuio
626 339 771 406 uirorum
794 341 1020 408 accumberent

40 426 171 492 nudares.
210 427 275 494 Hic
295 431 367 494 tum
391 428 475 494 alius
499 449 538 494 ex
561 428 627 493 alia
648 432 755 514 parte:
779 426 906 494 ‘Enim
928 450 1019 495 vero

39 515 208 580 ferendum
224 516 299 582 hoc
317 516 472 601 quidem
489 537 565 582 non
582 520 653 600 est,
676 519 836 582 uocetur
856 516 1019 582 mulieri'

39 601 71 666 lt
84 603 169 668 simul
189 604 293 670 servis
311 603 378 669 suis
396 603 550 689 Rubrius,
572 609 610 670 ut
626 605 759 670 ianuam
782 605 969 671 clauderent
988 608 1020 670 et

23 691 85 774 sipsi
107 691 250 758 adfores
275 692 478 778 assisterent,
507 693 657 777 imperat.
701 691 794 770 Quod
815 693 874 759 ubi
895 693 953 758 ille
974 692 1020 760 in-
1039 697 1072 748 ⁶⁷

39 778 149 864 tellexit,
178 779 213 846 id
245 780 301 867 agi
333 784 430 866 atque
462 781 497 846 id
527 781 651 866 parari,
682 785 720 848 ut
750 781 838 848 filiae
867 802 944 847 suae
970 781 1020 848 vis

39 867 190 954 afferretur,
218 890 331 935 seruos
359 891 435 935 suos
464 868 505 935 ad
533 889 568 935 se
594 872 706 954 voeat3
731 869 785 936 his
807 870 961 956 imperat,
984 874 1021 934 ut

40 955 178 1060 seipsum
207 957 402 1044 neglegant,
432 957 535 1023 filiam
566 957 754 1060 defendant,
786 963 936 1060 ercurrat
964 959 1021 1026 ali-

23 1046 652 1218 „ltaltdttdtttdtttt
671 1047 1021 1219 ditsfiidaludiii

39 1219 147 1304 hospitis
178 1221 323 1288 iactatur
352 1222 444 1288 domi
473 1243 550 1288 suae
577 1224 629 1289 uir
654 1222 830 1308 primarius
859 1227 893 1288 et
922 1222 1021 1288 homo

39 1305 275 1394 honestissimum
310 1332 370 1396 pro
408 1332 443 1376 se
475 1311 610 1395 quisque
642 1333 757 1376 manus
790 1309 898 1394 affert3
938 1333 1022 1396 aqua

40 1395 144 1482 denique
173 1397 317 1465 ferventi
339 1423 359 1464 a
379 1397 505 1465 Rubrio
527 1399 600 1485 ipso
623 1399 834 1466 Philodamus
857 1399 1022 1485 perfundi-

40 1485 82 1548 tur.
117 1485 201 1554 Haec
224 1487 285 1554 ubi
305 1485 374 1552 filio
397 1488 549 1553 nuntiata
571 1491 658 1573 sunt,
680 1488 795 1554 statim
818 1488 1021 1554 exanimatus

23 1571 67 1634 ud
88 1574 162 1640 uadis
189 1575 373 1660 contendit,
404 1578 442 1641 ut
469 1579 503 1642 et
529 1575 617 1642 vitae
646 1577 750 1662 patris
783 1580 816 1642 et
846 1577 1021 1662 pudicitiae

42 1663 130 1727 sororia
152 1668 368 1748 succurreret3
397 1685 509 1730 omues
532 1665 645 1730 eodem
668 1665 776 1730 animo
799 1663 1022 1750 Lampsaceni,

43 1747 111 1816 simul
137 1756 173 1817 ut
203 1753 269 1819 hoe
302 1752 485 1837 audierunt,
522 1752 609 1836 quod
641 1773 696 1818 eos
731 1775 805 1818 cum
835 1752 1021 1818 Philodami

42 1834 162 1924 dignitas,
188 1845 263 1907 tum
286 1840 423 1906 iniuriae
446 1839 638 1927 magnitudo
661 1841 828 1923 mouebat,
858 1840 899 1904 ad
926 1839 1021 1905 aedes

42 1929 111 1992 noctu
138 1933 366 1995 conuenerumt.
415 1927 478 1995 Hic
507 1929 604 1994 lictor
629 1926 726 1994 istius
754 1925 939 2010 Cornelius,
966 1927 1022 2011 qui

24 2023 91 2078 leun
109 2017 171 2082 eius
194 2018 299 2084 servis
323 2021 394 2083 erat
416 2039 437 2082 a
458 2015 583 2082 Rubrio
604 2015 700 2101 quasi
729 2016 764 2080 in
790 2015 952 2100 praesidio
980 2015 1023 2082 ad

43 2101 214 2174 auferendam
238 2106 410 2171 mulierem
432 2106 626 2190 collocatus,
654 2103 825 2189 occiditur,
848 2103 934 2170 serui
955 2125 1023 2169 non

42 2190 98 2253 nulli
123 2195 347 2278 vulnerantur,
378 2194 449 2278 ipse
477 2192 621 2259 Rubrius
652 2193 688 2258 in
718 2192 817 2258 turba
849 2191 1021 2258 sauciatur.

42 2273 97 2374 itte,
123 2283 175 2366 qui
202 2305 265 2348 sua
296 2281 473 2367 cupiditate
505 2285 616 2348 tantos
648 2281 808 2348 tumultus
841 2282 1021 2348 concitatos
1031 2329 1073 2394 2,

43 2365 144 2452 uteret,
172 2392 290 2456 cupere
318 2370 429 2455 aliqua
456 2370 599 2454 evolare,
630 2369 659 2435 si
690 2373 811 2455 posset.
860 2367 1022 2437 Postridie
1040 2408 1074 2457 53

25 2447 266 2526 *hominesmane
280 2459 513 2525 incentionem
529 2457 738 2542 conueniunt,
757 2462 926 2543 quaerunt,
945 2458 1023 2543 quid

44 2543 168 2623 optinum
189 2548 282 2614 factu
305 2546 362 2631 sit,
385 2569 445 2632 pro
469 2568 504 2612 se
528 2547 673 2632 quisque,
695 2545 786 2612 utin
805 2568 932 2632 quoque
951 2549 1023 2612 erat

43 2635 212 2702 auctoritatis
237 2636 423 2723 plurimum,
447 2635 488 2701 ad
505 2636 663 2721 populum
681 2635 889 2720 loquebatur,
912 2634 1022 2699 inven-

43 2715 77 2780 tus
95 2726 137 2788 est
157 2746 267 2809 nemo,
295 2724 385 2791 cuius
407 2744 475 2788 non
501 2722 581 2789 haec
611 2727 646 2788 et
678 2723 839 2789 sententia
871 2725 957 2787 esset
989 2724 1022 2785 et

44 2807 131 2895 oratio,
154 2835 222 2879 non
250 2834 319 2878 esse
347 2810 570 2896 metuendum,
600 2811 629 2876 si
655 2811 750 2878 istius
773 2810 934 2877 nefarium
957 2829 1023 2873 sce-

26 2888 76 2956 llls
97 2895 301 2987 Lampsaceni
327 2900 389 2966 ulti
416 2900 451 2966 ui
477 2920 638 2985 manuque
666 2903 789 2984 essent,
819 2898 874 2962 ne'
890 2898 1022 2961 senatus

44 2986 212 3074 epulisque
234 2989 402 3058 Romanus
424 2989 553 3054 ineam
576 2989 742 3054 civitatem
766 2983 1023 3052 animaduerten-

45 3065 96 3162 dum
114 3081 249 3160 putaret
295 3077 418 3154 Quodsi
439 3077 502 3144 hoc
523 3077 593 3143 iure
616 3076 720 3161 legati
746 3073 861 3159 populi
882 3072 1023 3139 Romani

45 3165 173 3252 ltsocios
195 3167 408 3251 nationesque
428 3170 555 3233 exteras
573 3168 752 3245 uterentur,
775 3166 812 3226 ut
832 3161 1022 3248 pudicitiam

46 3239 187 3320 liberorum
201 3277 330 3322 servare
349 3257 391 3321 ab
410 3276 522 3320 eorum
540 3253 675 3319 libidine
693 3255 800 3317 tutam
817 3271 885 3317 non
901 3250 1023 3334 liceret,

27 3335 142 3411 ”quidvis
167 3365 236 3410 esse
263 3343 392 3430 perpeti
419 3343 523 3409 satius
552 3363 649 3426 quam
675 3340 712 3405 in
736 3342 832 3404 tanta
859 3338 892 3404 ri
925 3340 1023 3422 atque

47 3425 190 3514 partitate
207 3433 339 3500 versari
375 3430 465 3499 Haeo
484 3453 557 3496 cum
576 3449 689 3496 omnes
708 3428 875 3511 sentirent,
899 3430 1023 3492 etcum
1042 3444 1075 3493 es

47 3524 144 3584 11¹eam
164 3523 321 3588 rationem
343 3541 403 3606 pro
427 3541 485 3584 suo
509 3518 645 3602 quisque
668 3537 765 3582 sensu
788 3535 825 3580 ac
849 3514 959 3579 dolore
977 3513 1023 3575 lo-
