2402 3936
265 132 333 190 IslB.
351 133 392 188 Ill
420 132 497 189 cAP.
517 139 623 190 t'l-tl)
641 139 656 200 ξ
675 141 822 190 rsa-1³7.
982 136 1048 201 325

54 279 139 362 stitit,
162 277 338 364 oppressit,
355 299 422 344 non
440 277 579 361 remisit3
602 276 691 343 fecta
713 281 764 342 est
787 279 918 363 sponsio
936 279 993 345 HS
1007 285 1047 366 ἢ

54 367 150 452 coepit
169 363 349 432 Scandilius
367 368 610 450 recuperatores
633 370 690 432 aut
711 365 849 432 iudicem
871 370 1047 452 postulare.

54 453 172 520 Satisne
205 453 299 520 vobis
333 453 478 538 praetori
510 453 659 540 improbo
693 454 884 520 circumdati
912 457 1048 522 cancelli
1057 455 1100 520 59

53 543 193 608 videntur
205 542 241 606 in
255 564 315 607 sua
329 541 506 626 provincia,
523 542 624 608 immo
643 563 720 608 vero
738 542 773 607 in
792 543 874 608 sella
892 565 929 609 ao
947 545 1049 610 tribu·

29 631 123 716 snali,
159 634 196 696 ut
232 633 289 695 aut
320 630 359 695 de
391 651 449 696 suo
482 630 587 715 capite
618 630 771 696 iudicium
802 631 873 696 lieri
903 633 1049 717 patiatur
1140 713 1142 718 Ι

53 740 195 804 praesens
214 739 252 784 eo
271 718 385 784 sedens
403 721 461 784 aut
478 718 671 784 confiteatur
693 741 727 784 se
750 718 899 785 omnibus
922 721 1048 786 iudiciis

54 807 189 874 convinci
211 827 342 872 necesse
365 806 457 872 esse?
498 805 636 892 Sponsio
651 810 722 873 est:
734 808 782 876 Ni
804 825 848 873 rn
870 808 1048 876 Aeuom

54 912 170 962 soem
200 913 239 962 ns
268 911 421 960 Decuma
448 910 532 960 asan
560 912 679 979 meur,
710 896 877 981 provincia
904 901 963 963 tua
990 902 1049 982 est,

54 983 133 1068 ades,
165 983 224 1049 abs
255 986 290 1048 te
321 982 474 1049 iudicium
504 984 705 1068 postulatum
738 984 815 1067 quid
844 984 940 1068 facis,
972 986 1049 1070 quid

17 1091 41 1130 ro
54 1071 210 1138 decernis?
241 1071 498 1156 Recuperatores
513 1069 591 1136 dicis
609 1075 643 1136 te
661 1071 821 1138 daturum.
856 1071 945 1138 Bene
963 1074 1050 1160 agis,

53 1161 176 1226 tametsi
196 1159 253 1244 qui
275 1159 378 1224 tantis
400 1162 496 1224 erunt
518 1159 696 1225 cervicibus
719 1164 970 1245 recuperatores,
994 1161 1050 1245 qui

54 1248 182 1314 audeant
209 1249 244 1312 in
270 1247 450 1332 prouincia,
477 1267 550 1313 cum
575 1251 706 1330 praetor
729 1248 827 1332 adsit,
853 1270 921 1314 non
943 1249 1049 1315 solum

54 1341 158 1402 matra
188 1335 392 1403 voluntatem
424 1335 506 1419 cius,
538 1335 594 1400 sed
625 1336 725 1401 etiam
756 1339 870 1403 contra
899 1335 1048 1404 fortunas

53 1423 206 1490 iudicare?
246 1423 369 1489 Verum
392 1427 477 1506 esto,
499 1422 746 1489 manifestares
769 1430 832 1508 est,
855 1445 950 1490 nemo
973 1429 1032 1510 est,
1052 1438 1102 1487 rec

20 1512 124 1596 usquin
149 1511 278 1577 audisse
301 1533 336 1576 se
358 1511 481 1595 liquido
498 1507 638 1596 'diceret3
665 1513 939 1598 locupletissimus
963 1515 1050 1599 quis-

55 1621 107 1684 que
125 1621 163 1666 ac
181 1598 380 1666 certissimus
398 1598 493 1664 testis
512 1603 611 1684 esset,
633 1621 728 1666 nemo
747 1604 818 1666 eret
836 1599 947 1667 Sicilia
970 1605 1050 1686 tota,

55 1689 122 1772 quin
136 1688 234 1754 sciret
247 1687 397 1752 decumas
411 1708 482 1755 ease
498 1687 669 1772 praetoris,
686 1709 791 1772 nemo,
810 1688 888 1773 quin
907 1689 1051 1754 audisset

53 1775 81 1840 id
96 1775 277 1862 Apronium
300 1774 480 1859 dictitasse3
502 1779 672 1860 praeterea
694 1779 871 1840 conuentus
893 1776 1049 1842 honestus

54 1861 222 1948 Syracusis,
240 1863 337 1929 multi
356 1863 480 1948 equites
498 1862 647 1946 Romani,
668 1862 731 1927 viri
748 1862 905 1947 primarii,
928 1885 966 1928 ex
986 1885 1050 1948 qua

22 1953 137 2036 scopia
154 1955 397 2037 recuperatores
415 1951 493 2017 reici
516 1955 690 2037 oporteret,
714 1950 769 2035 qui
792 1950 888 2015 aliter
909 1950 1050 2018 iudicare

53 2041 134 2106 nullo
161 2040 259 2106 modo
285 2043 427 2124 possent
471 2037 580 2104 Instat
602 2036 783 2105 Scandilius
809 2060 941 2124 poscere
963 2061 1050 2106 recu·

53 2132 220 2211 pecatores.
260 2126 343 2193 'ltrm
361 2127 424 2192 iste
446 2127 545 2193 homo
568 2127 730 2211 innocens,
753 2127 809 2212 qui
830 2127 924 2194 illam
946 2129 1051 2214 suspi-

54 2217 168 2282 cionem
195 2217 305 2282 levare
328 2219 425 2300 atque
449 2215 490 2281 ab
514 2236 584 2281 sese
606 2237 771 2282 removere
794 2220 937 2302 cuperet,
964 2239 1104 2331 recn-60

53 2308 211 2387 potatores
225 2304 303 2370 dicit
322 2325 356 2369 se
374 2303 413 2368 de
432 2303 565 2370 cohorte
586 2325 645 2370 sua
662 2304 822 2370 daturum.
853 2304 918 2369 Pro
937 2304 1032 2370 doum
1053 2342 1103 2394 137

24 2391 277 2478 chominumquc
298 2392 409 2460 iideml
437 2413 533 2476 quem
555 2413 617 2478 ego
640 2393 777 2458 accuso?
799 2392 833 2456 in
857 2413 921 2476 quo
943 2415 1051 2460 meam

53 2480 239 2548 industriam
272 2503 309 2547 ec
340 2480 543 2566 diligentiam
577 2480 717 2565 spectari
745 2479 845 2545 volo?
886 2479 964 2564 quid
992 2485 1051 2564 est,

54 2567 138 2652 quod
160 2589 222 2655 ego
252 2567 385 2635 dicendo
413 2571 470 2634 aut
496 2567 670 2656 cogitando
694 2567 819 2634 efficere
842 2571 899 2634 aut
922 2568 1051 2652 assequi

53 2656 202 2724 debeam?
236 2656 353 2743 Teneo,
370 2660 474 2741 teneo,
491 2656 633 2741 inquam,
651 2656 686 2721 in
703 2656 817 2722 mediis
834 2656 920 2722 vecti
945 2655 1051 2721 alibus

53 2745 159 2831 populi
181 2744 335 2829 Romani,
360 2745 396 2810 in
421 2744 503 2830 ipsis
525 2744 690 2828 fructibus
714 2744 899 2829 provinciae
921 2677 1050 2808 Siciliae

26 2833 149 2898 tfurem
164 2832 338 2898 manifesto
353 2835 553 2898 avertentem
566 2853 636 2897 rem
647 2832 897 2898 ¹frumentariam
913 2852 1050 2914 omnem,

53 2921 214 3004 pecuniam
242 2921 430 3005 maximam,
461 2923 570 3005 teneo,
601 2921 748 3004 inquam,
779 2920 839 3004 ita,
867 2922 904 2983 ut
930 2939 1051 3005 negare

53 3028 111 3074 non
136 3009 251 3096 possit.
295 3009 382 3076 Nam
408 3009 485 3094 quid
507 3008 560 3074 hic
583 3008 690 3075 dicet?
731 3005 867 3092 Sponsio
889 3005 978 3071 facta
1001 3009 1051 3072 est

53 3116 119 3162 cum
140 3098 309 3184 cognitore
330 3101 389 3163 tuo
408 3096 554 3182 Apronio
578 3097 617 3162 de
639 3095 780 3161 fortunis
803 3093 868 3159 tuis
892 3094 1051 3179 omnibus,

54 3185 83 3248 ni
101 3187 221 3254 socium
240 3189 273 3250 te
292 3185 355 3251 sibi
372 3185 408 3249 in
427 3185 568 3251 decumis
587 3206 657 3250 esse
678 3183 856 3267 dictitaret3
879 3185 1051 3266 expectant

27 3279 166 3358 somnes,
190 3277 331 3359 quantae
348 3273 412 3338 tibi
430 3295 469 3338 ea
486 3295 538 3339 res
557 3293 652 3338 curae
671 3271 723 3353 sit,
746 3292 842 3355 quem
861 3270 1051 3338 admodum

54 3357 213 3428 hominum
247 3361 481 3428 existimationi
514 3364 548 3426 te
581 3363 679 3445 atque
710 3359 929 3425 innocentium
960 3364 1051 3426 tuam

54 3450 178 3530 probari
195 3449 286 3517 velis.
322 3449 385 3516 Hic
403 3453 440 3514 tu
458 3448 617 3516 medicum
636 3452 670 3514 et
686 3447 892 3535 haruspicem
911 3452 944 3514 et
961 3468 1051 3533 prae
