2402 3936
160 176 225 244 338
460 175 501 230 IN
520 175 548 231 O.
563 173 717 230 munau
734 171 811 230 Aer.
830 175 864 230 Π.

160 311 345 407 litterarum
368 320 542 386 missarum
566 319 651 404 apud
673 315 869 408 magistrum
890 317 927 384 L.
943 317 1094 402 Tullium,
1115 319 1159 383 ia-

162 408 322 476 miliarem
340 413 442 494 tuum,
459 404 582 496 inueni3
596 402 725 492 quibua
737 417 775 471 ex
793 402 1160 492 littetls'imptidentiem

160 491 389 586 faeneratoris,
423 497 557 581 quaeso,
572 512 576 520 ’
589 495 784 582 cognoscite.
833 494 1013 560 Iurusnns
1028 491 1162 561 *ursam

161 588 198 653 P.
230 586 356 670 Vsrm,
394 583 430 650 P.
463 572 620 668 Sauum,
643 582 694 648 Ὀ.
725 583 875 650 Anrrsm
911 582 1162 650 desistebam.

162 671 297 740 Praesto
325 673 372 738 ait
395 691 429 737 se
451 671 514 737 tibi
536 667 682 736 futurum
700 669 832 736 Vettius
856 676 889 736 et
913 671 1183 754 observaturums

163 761 318 848 quemad
341 761 473 826 modum
495 760 638 827 rationes
663 759 888 824 aduersarium
911 759 1049 844 referas,
1065 765 1119 845 ut,
1141 761 1165 822 si

149 847 245 915 'hano
260 871 298 914 ex
311 849 442 914 faenore
456 849 628 934 pecuniam
638 847 762 934 populo
773 845 844 913 'non
862 849 1039 932 rettuleris,
1056 847 1164 912 reddas

110 953 161 1003 168
181 938 338 1025 societati.
373 935 551 1002 Possumus
569 937 631 1002 hoo
648 939 743 1019 teste,
760 955 935 1023 possumus
952 936 989 1001 P.
1003 935 1121 1002 Servili
1137 941 1165 999 et

163 1025 198 1093 Ο.
214 1022 342 1091 'Antisti
373 1022 606 1111 magistrorum
633 1024 767 1108 litteris,
783 1023 976 1109 'primorum
988 1022 1165 1090 ³liominum

163 1119 261 1200 atque
275 1111 588 1198 honestissimorum,
601 1131 774 1198 possumus
789 1111 984 1178 auctoritate
999 1113 1166 1194 societatis,
1177 1129 1197 1168 ιο

164 1205 254 1270 ouius
276 1202 397 1277 litteris
420 1195 664 1286 utimur,'quod
690 1200 839 1286 dicimus,
856 1197 1024 1286 optinere,
1052 1224 1094 1266 an
1117 1201 1166 1265 ali-

111 1289 229 1375 72qua
245 1291 400 1376 ,firmiora
427 1294 484 1356 aut
511 1290 663 1376 graviora
686 1289 869 1373 quaerenda
891 1286 992 1354 sunt?
1022 1287 1167 1371 [Vettius

163 1384 239 1443 tuus
261 1375 546 1464 familiarissime,
561 1375 709 1463 ‘Vettius
731 1380 807 1443 tuus
831 1377 940 1442 affinis
972 1378 1064 1444 euius
1088 1399 1167 1442 soro

163 1488 232 1532 rem
250 1465 351 1532 habes
364 1461 404 1529 'in
422 1461 631 1531 matrimonio
648 1461 739 1546 [tuae
757 1467 868 1531 uxoris
885 1429 1014 1549 stated,
1032 1465 1167 1548 Vettius,
1197 1495 1198 1500 ¹

162 1549 265 1618 frat'er
278 1554 328 1617 tui
345 1552 537 1644 quaestoris,
554 1557 696 1620 testatur
710 1553 834 1618 ‘litteris
850 1553 1167 1640 impudentissimum
1179 1559 1198 1606 ¹¹

162 1646 255 1706 tuum
269 1641 393 1707 furtum
413 1642 691 1727 certissimumque
702 1638 911 1728 ⁴peculatum
927 1663 1005 1708 nam
1025 1665 1090 1728 quo
1109 1643 1167 1708 ulio

163 1731 294 1796 nomine
320 1727 486 1818 pecuniae·
501 1731 650 1817 publicae
676 1730 932 1795 faeneratio'est
955 1731 1167 1817 appellanda?

164 1810 311 1889 Scribam
324 1822 417 1884 tuum
432 1819 518 1904 dicit,
532 1817 665 1902 Verres,
682 1817 778 1883 huius
796 1819 1049 1906 perscriptorem
1065 1819 1168 1884 faene-

163 1902 302 1972 rationis
315 1905 429 1992 fuisse3
448 1907 619 1992 ei'quoque
637 1907 789 1992 magistri
807 1905 974 1972 minantur
991 1908 1026 1973 in
1040 1904 1168 1990 litteris,

164 2000 198 2060 et
216 1991 436 2060 easu's'cribae
454 1999 525 2059 tum
549 1996 621 2060 duo'
635 1995 786 2085 magistri
807 1993 940 2060 fuerunt
962 2019 1036 2061 cum
1050 1995 1197 2061 Vettios

163 2081 264 2147 Binas
279 2081 470 2148 centesimas
485 2083 526 2147 ab
542 2079 757 2148 sese'bblstas
767 2081 943 2148 ¹ferendum
960 2105 1029 2149 non
1045 2087 1168 2169 putant,

163 2173 209 2233 et'
223 2173 311 2234 recte
337 2168 404 2233 no'n
429 2172 557 2254 putant.
583 2167 682 2246 *Quis
710 2169 795 2236 enim
823 2171 885 2237 hoc
907 2171 987 2237 fecit
1008 2193 1168 2257 umquem,

163 2252 399 2351 quis‘denique
427 2261 562 2322 conatus
590 2263 641 2323 est
657 2255 771 2327 iacere
794 2256 861 2324 aut
874 2260 945 2324 fi'eri
966 2281 1063 2346 posse
1087 2261 1168 2346 cogi-

162 2344 255 2432 tavit,
275 2348 326 2430 ut,
345 2367 417 2410 oum
436 2349 568 2410 senatus
586 2368 685 2412 usura
703 2347 894 2433 publicanos
914 2367 1010 2434 saepe
1028 2350 1167 2430 iuvisset,
1196 2391 1197 2394 κ

162 2433 375 2520 magistratus
398 2456 418 2500 a
440 2433 621 2522 publicanis
643 2437 813 2521 pecuniam
833 2457 894 2521 pro
916 2458 1018 2502 usura
1041 2438 1167 2502 auderet

163 2521 311 2608 auferre?
353 2521 448 2589 Certe
474 2523 550 2589 huie
577 2523 702 2589 homini
725 2545 798 2610 spes
821 2524 913 2589 nulla
937 2526 1054 2590 salutis
1077 2531 1167 2606 esset,

163 2611 191 2675 si
222 2609 400 2696 publicani,
431 2611 493 2677 hoc
520 2615 571 2675 est
602 2612 630 2675 si
660 2612 784 2696 equites
811 2611 952 2677 Romani
978 2613 1167 2694 iudicarent3

109 2700 161 2752 los
181 2699 288 2764 minor
310 2719 380 2763 esse
402 2719 495 2783 nuno,
516 2699 647 2784 iudices,
668 2699 762 2764 vobis
786 2699 1043 2786 disceptantibus
1067 2701 1167 2784 debet,

163 2791 196 2852 et
222 2789 316 2852 tanto
344 2786 462 2871 minor,
491 2791 612 2870 quanto
641 2790 691 2852 est
713 2786 881 2853 honestius
905 2789 1021 2855 alienis
1044 2789 1166 2855 iniuriis

162 2897 260 2959 quam
283 2897 318 2939 re
343 2897 400 2940 sua
423 2875 627 2940 commoveri.
1177 2889 1196 2930 π

228 2961 312 3038 Quid
339 2963 380 3028 ad
406 2963 486 3028 haee
513 2963 706 3048 respondere
732 2964 881 3050 cogitas?
913 2971 1024 3030 utrum
1046 2967 1165 3032 factum

160 3049 297 3135 negabis
330 3073 372 3115 an
399 3051 461 3115 tibi
487 3051 550 3116 hoc
577 3050 702 3116 licitum
730 3073 800 3116 esse
827 3051 1000 3120 defendes?
1039 3054 1165 3142 Negare

162 3137 217 3221 qui
247 3138 364 3223 potes?
401 3161 443 3203 an
474 3142 522 3203 ut'
542 3139 636 3204 tanta
663 3140 857 3205 auctoritate
885 3139 1082 3228 litterarum,
1118 3148 1166 3207 tot
1195 3219 1196 3224 γ

160 3223 301 3289 testibus
332 3226 514 3311 publicanis
546 3227 758 3294 convincare?
807 3227 951 3296 Licuisse
981 3253 1061 3297 vero
1091 3232 1165 3316 qui?
1195 3235 1196 3308 ξ

162 3309 197 3372 Si
222 3309 330 3374 hercle
358 3314 390 3378 te
418 3318 509 3378 tuam
535 3316 704 3400 pecuniam
731 3321 915 3401 praetorem
942 3320 977 3383 in
1003 3319 1196 3404 provincie³t

160 3393 363 3492 faeneratum
387 3399 546 3487 docerem,
563 3406 684 3468 'tamen
707 3405 846 3491 effugere
868 3426 936 3471 non
958 3428 1084 3492 posse23
1112 3407 1163 3472 sed

158 3478 339 3576 pubheam,
367 3486 422 3549 sed
449 3489 491 3552 ob
518 3489 716 3558 frumentum
740 3493 915 3580 decretam,
944 3496 1000 3560 sed
1021 3518 1041 3561 a
1062 3495 1162 3582 publi·
