<?xml version="1.0" encoding="UTF-8"?>
<!DOCTYPE html PUBLIC "-//W3C//DTD XHTML 1.0 Transitional//EN"
    "http://www.w3.org/TR/xhtml1/DTD/xhtml1-transitional.dtd">
<html xmlns="http://www.w3.org/1999/xhtml" xml:lang="en" lang="en">
 <head>
  <title>
</title>
<meta http-equiv="Content-Type" content="text/html;charset=utf-8" />
  <meta name='ocr-system' content='tesseract 3.04.00' />
  <meta name='ocr-capabilities' content='ocr_page ocr_carea ocr_par ocr_line ocrx_word'/>
</head>
<body>
  <div class='ocr_page' id='page_1' title='image "./mtulliiciceroni02mlgoog/mtulliiciceroni02mlgoog_0506.png"; bbox 0 0 2404 3928; ppageno 0'>
   <div class='ocr_carea' id='block_1_1' title="bbox 309 138 1067 210">
    <p class='ocr_par' dir='ltr' id='par_1_1' title="bbox 309 138 1067 210">
     <span class='ocr_line' id='line_1_1' title="bbox 309 138 1067 210; baseline 0.021 -16"><span class='ocrx_word' id='word_1_1' title='bbox 309 139 376 195; x_wconf 70' lang='lat' dir='ltr'><strong>nna.</strong></span> <span class='ocrx_word' id='word_1_2' title='bbox 394 139 432 196; x_wconf 75' lang='lat' dir='ltr'><strong>lv</strong></span> <span class='ocrx_word' id='word_1_3' title='bbox 464 138 542 196; x_wconf 78' lang='lat' dir='ltr'><strong>cnr.</strong></span> <span class='ocrx_word' id='word_1_4' title='bbox 560 147 603 210; x_wconf 84' lang='lat' dir='ltr'><strong>aa,</strong></span> <span class='ocrx_word' id='word_1_5' title='bbox 623 147 657 198; x_wconf 75' lang='lat' dir='ltr'><strong>ae</strong></span> <span class='ocrx_word' id='word_1_6' title='bbox 674 148 690 209; x_wconf 71' lang='lat' dir='ltr'><strong>s</strong></span> <span class='ocrx_word' id='word_1_7' title='bbox 709 148 821 199; x_wconf 81' lang='lat' dir='ltr'><strong>rr-rs.</strong></span> <span class='ocrx_word' id='word_1_8' title='bbox 1000 143 1067 210; x_wconf 84' lang='grc'><strong>395</strong></span> 
     </span>
    </p>
   </div>
   <div class='ocr_carea' id='block_1_2' title="bbox 8 281 1186 3110">
    <p class='ocr_par' dir='ltr' id='par_1_2' title="bbox 8 281 1186 3110">
     <span class='ocr_line' id='line_1_2' title="bbox 46 281 1067 374; baseline 0.004 -26"><span class='ocrx_word' id='word_1_9' title='bbox 46 283 93 350; x_wconf 94' lang='grc' dir='ltr'><strong>Ρ.</strong></span> <span class='ocrx_word' id='word_1_10' title='bbox 116 281 269 349; x_wconf 78' lang='lat' dir='ltr'><strong>Africani</strong></span> <span class='ocrx_word' id='word_1_11' title='bbox 297 305 416 349; x_wconf 91' lang='lat' dir='ltr'><strong>nomen</strong></span> <span class='ocrx_word' id='word_1_12' title='bbox 442 289 513 350; x_wconf 88' lang='lat' dir='ltr'><strong>erat</strong></span> <span class='ocrx_word' id='word_1_13' title='bbox 539 284 677 352; x_wconf 85' lang='lat' dir='ltr'><strong>incisum</strong></span> <span class='ocrx_word' id='word_1_14' title='bbox 704 307 840 371; x_wconf 82' lang='lat' dir='ltr'><strong>cumque</strong></span> <span class='ocrx_word' id='word_1_15' title='bbox 867 284 1067 374; x_wconf 74' lang='lat' dir='ltr'>Carthagine</span> 
     </span>
     <span class='ocr_line' id='line_1_3' title="bbox 46 371 1067 548; baseline 0.003 -23"><span class='ocrx_word' id='word_1_16' title='bbox 46 372 650 527; x_wconf 43' lang='lat' dir='ltr'><strong>dimittedimitte·</strong></span> <span class='ocrx_word' id='word_1_17' title='bbox 674 371 1067 548; x_wconf 50' lang='lat' dir='ltr'><strong>titillabit</strong></span> 
     </span>
     <span class='ocr_line' id='line_1_4' title="bbox 46 511 1067 636; baseline 0.001 -22"><span class='ocrx_word' id='word_1_18' title='bbox 46 548 145 614; x_wconf 88' lang='lat' dir='ltr'><strong>nihil</strong></span> <span class='ocrx_word' id='word_1_19' title='bbox 164 549 247 614; x_wconf 91' lang='lat' dir='ltr'><strong>mihi</strong></span> <span class='ocrx_word' id='word_1_20' title='bbox 265 550 307 615; x_wconf 88' lang='lat' dir='ltr'><strong>ab</strong></span> <span class='ocrx_word' id='word_1_21' title='bbox 330 549 397 614; x_wconf 89' lang='lat' dir='ltr'><strong>illis</strong></span> <span class='ocrx_word' id='word_1_22' title='bbox 420 554 471 615; x_wconf 91' lang='lat' dir='ltr'><strong>est</strong></span> <span class='ocrx_word' id='word_1_23' title='bbox 493 511 751 616; x_wconf 76' lang='lat' dir='ltr'><strong>demonstiatum</strong></span> <span class='ocrx_word' id='word_1_24' title='bbox 773 551 874 636; x_wconf 87' lang='lat' dir='ltr'><strong>prius.</strong></span> <span class='ocrx_word' id='word_1_25' title='bbox 904 549 992 618; x_wconf 79' lang='lat' dir='ltr'><strong>Erat</strong></span> <span class='ocrx_word' id='word_1_26' title='bbox 1015 513 1067 616; x_wconf 63' lang='lat' dir='ltr'><strong>ad3</strong></span> 
     </span>
     <span class='ocr_line' id='line_1_5' title="bbox 17 637 1067 726; baseline 0.005 -26"><span class='ocrx_word' id='word_1_27' title='bbox 17 656 32 698; x_wconf 82' lang='lat' dir='ltr'><strong>s</strong></span> <span class='ocrx_word' id='word_1_28' title='bbox 48 637 198 702; x_wconf 88' lang='lat' dir='ltr'><strong>modum</strong></span> <span class='ocrx_word' id='word_1_29' title='bbox 212 638 355 722; x_wconf 87' lang='lat' dir='ltr'><strong>amplum</strong></span> <span class='ocrx_word' id='word_1_30' title='bbox 370 643 403 703; x_wconf 90' lang='lat' dir='ltr'><strong>et</strong></span> <span class='ocrx_word' id='word_1_31' title='bbox 419 639 580 704; x_wconf 83' lang='lat' dir='ltr'><strong>excelsum</strong></span> <span class='ocrx_word' id='word_1_32' title='bbox 598 640 728 726; x_wconf 87' lang='lat' dir='ltr'><strong>signum</strong></span> <span class='ocrx_word' id='word_1_33' title='bbox 747 662 819 705; x_wconf 90' lang='lat' dir='ltr'><strong>cnm</strong></span> <span class='ocrx_word' id='word_1_34' title='bbox 839 641 938 724; x_wconf 83' lang='lat' dir='ltr'><strong>stola3</strong></span> <span class='ocrx_word' id='word_1_35' title='bbox 954 661 1067 705; x_wconf 84' lang='lat' dir='ltr'><strong>verum</strong></span> 
     </span>
     <span class='ocr_line' id='line_1_6' title="bbox 48 720 1186 814; baseline 0.002 -23"><span class='ocrx_word' id='word_1_36' title='bbox 48 731 175 791; x_wconf 81' lang='lat' dir='ltr'><strong>tamen</strong></span> <span class='ocrx_word' id='word_1_37' title='bbox 192 725 299 792; x_wconf 86' lang='lat' dir='ltr'><strong>inerat</strong></span> <span class='ocrx_word' id='word_1_38' title='bbox 315 727 351 791; x_wconf 90' lang='lat' dir='ltr'><strong>in</strong></span> <span class='ocrx_word' id='word_1_39' title='bbox 372 727 431 794; x_wconf 88' lang='lat' dir='ltr'><strong>illa</strong></span> <span class='ocrx_word' id='word_1_40' title='bbox 454 728 676 814; x_wconf 83' lang='lat' dir='ltr'><strong>magnitudine</strong></span> <span class='ocrx_word' id='word_1_41' title='bbox 699 732 789 796; x_wconf 83' lang='lat' dir='ltr'><strong>aetas</strong></span> <span class='ocrx_word' id='word_1_42' title='bbox 813 732 911 814; x_wconf 90' lang='lat' dir='ltr'><strong>atque</strong></span> <span class='ocrx_word' id='word_1_43' title='bbox 933 728 1066 794; x_wconf 86' lang='lat' dir='ltr'><strong>habitus</strong></span> <span class='ocrx_word' id='word_1_44' title='bbox 1184 720 1186 728; x_wconf 74' lang='grc'><strong>’</strong></span> 
     </span>
     <span class='ocr_line' id='line_1_7' title="bbox 49 814 1067 991; baseline 0.002 -23"><span class='ocrx_word' id='word_1_45' title='bbox 49 814 1067 991; x_wconf 40' lang='lat' dir='ltr'><strong>trull⁵iblffllfittballl&#39;.imbecillitati?</strong></span> 
     </span>
     <span class='ocr_line' id='line_1_8' title="bbox 367 954 1067 988; baseline 0 -16"><span class='ocrx_word' id='word_1_46' title='bbox 367 954 377 988; x_wconf 87' lang='lat'>‚</span> <span class='ocrx_word' id='word_1_47' title='bbox 1060 955 1067 972; x_wconf 92' lang='lat'><strong>.</strong></span> 
     </span>
     <span class='ocr_line' id='line_1_9' title="bbox 49 990 1118 1080; baseline 0.002 -24"><span class='ocrx_word' id='word_1_48' title='bbox 49 990 156 1058; x_wconf 88' lang='lat' dir='ltr'><strong>Hane</strong></span> <span class='ocrx_word' id='word_1_49' title='bbox 175 1011 249 1057; x_wconf 90' lang='lat' dir='ltr'><strong>cum</strong></span> <span class='ocrx_word' id='word_1_50' title='bbox 267 992 329 1056; x_wconf 87' lang='lat' dir='ltr'><strong>iste</strong></span> <span class='ocrx_word' id='word_1_51' title='bbox 346 1013 513 1058; x_wconf 84' lang='lat' dir='ltr'><strong>sacrorum</strong></span> <span class='ocrx_word' id='word_1_52' title='bbox 531 993 674 1059; x_wconf 88' lang='lat' dir='ltr'><strong>omnium</strong></span> <span class='ocrx_word' id='word_1_53' title='bbox 694 996 728 1058; x_wconf 93' lang='lat' dir='ltr'><strong>et</strong></span> <span class='ocrx_word' id='word_1_54' title='bbox 744 993 941 1080; x_wconf 82' lang='lat' dir='ltr'><strong>religionum</strong></span> <span class='ocrx_word' id='word_1_55' title='bbox 959 995 1065 1060; x_wconf 91' lang='lat' dir='ltr'><strong>hostis</strong></span> <span class='ocrx_word' id='word_1_56' title='bbox 1085 1009 1118 1058; x_wconf 77' lang='lat' dir='ltr'><strong>ts</strong></span> 
     </span>
     <span class='ocr_line' id='line_1_10' title="bbox 8 1079 1067 1168; baseline 0.006 -28"><span class='ocrx_word' id='word_1_57' title='bbox 8 1099 37 1140; x_wconf 82' lang='grc' dir='ltr'><strong>ιο</strong></span> <span class='ocrx_word' id='word_1_58' title='bbox 51 1079 250 1166; x_wconf 83' lang='lat' dir='ltr'><strong>praedoque</strong></span> <span class='ocrx_word' id='word_1_59' title='bbox 261 1080 404 1162; x_wconf 86' lang='lat' dir='ltr'><strong>vidisset,</strong></span> <span class='ocrx_word' id='word_1_60' title='bbox 423 1081 516 1164; x_wconf 80' lang='lat' dir='ltr'><strong>quasi</strong></span> <span class='ocrx_word' id='word_1_61' title='bbox 530 1082 590 1146; x_wconf 93' lang='lat' dir='ltr'><strong>illa</strong></span> <span class='ocrx_word' id='word_1_62' title='bbox 603 1082 677 1165; x_wconf 90' lang='lat' dir='ltr'><strong>ipsa</strong></span> <span class='ocrx_word' id='word_1_63' title='bbox 693 1081 763 1165; x_wconf 78' lang='lat' dir='ltr'><strong>laec</strong></span> <span class='ocrx_word' id='word_1_64' title='bbox 781 1102 953 1168; x_wconf 86' lang='lat' dir='ltr'><strong>percussus</strong></span> <span class='ocrx_word' id='word_1_65' title='bbox 972 1087 1067 1164; x_wconf 87' lang='lat' dir='ltr'><strong>esset,</strong></span> 
     </span>
     <span class='ocr_line' id='line_1_11' title="bbox 50 1167 1067 1256; baseline 0.002 -24"><span class='ocrx_word' id='word_1_66' title='bbox 50 1169 105 1234; x_wconf 89' lang='lat' dir='ltr'><strong>ita</strong></span> <span class='ocrx_word' id='word_1_67' title='bbox 132 1167 276 1256; x_wconf 87' lang='lat' dir='ltr'><strong>flagrare</strong></span> <span class='ocrx_word' id='word_1_68' title='bbox 297 1169 475 1254; x_wconf 86' lang='lat' dir='ltr'><strong>cupiditate</strong></span> <span class='ocrx_word' id='word_1_69' title='bbox 496 1173 594 1254; x_wconf 83' lang='lat' dir='ltr'><strong>atque</strong></span> <span class='ocrx_word' id='word_1_70' title='bbox 617 1170 758 1236; x_wconf 89' lang='lat' dir='ltr'><strong>amentia</strong></span> <span class='ocrx_word' id='word_1_71' title='bbox 780 1171 901 1256; x_wconf 86' lang='lat' dir='ltr'><strong>coepit;</strong></span> <span class='ocrx_word' id='word_1_72' title='bbox 927 1171 1067 1254; x_wconf 87' lang='lat' dir='ltr'><strong>imperat</strong></span> 
     </span>
     <span class='ocr_line' id='line_1_12' title="bbox 51 1256 1067 1344; baseline 0 -22"><span class='ocrx_word' id='word_1_73' title='bbox 51 1256 323 1342; x_wconf 84' lang='lat' dir='ltr'><strong>magistratibus,</strong></span> <span class='ocrx_word' id='word_1_74' title='bbox 344 1261 382 1322; x_wconf 88' lang='lat' dir='ltr'><strong>ut</strong></span> <span class='ocrx_word' id='word_1_75' title='bbox 400 1279 472 1323; x_wconf 91' lang='lat' dir='ltr'><strong>eam</strong></span> <span class='ocrx_word' id='word_1_76' title='bbox 490 1257 762 1324; x_wconf 87' lang='lat' dir='ltr'><strong>demoliantur.ot</strong></span> <span class='ocrx_word' id='word_1_77' title='bbox 784 1259 849 1325; x_wconf 92' lang='lat' dir='ltr'><strong>sibi</strong></span> <span class='ocrx_word' id='word_1_78' title='bbox 872 1258 960 1344; x_wconf 69' lang='lat' dir='ltr'><strong>dent,</strong></span> <span class='ocrx_word' id='word_1_79' title='bbox 984 1258 1067 1323; x_wconf 88' lang='lat' dir='ltr'><strong>nihil</strong></span> 
     </span>
     <span class='ocr_line' id='line_1_13' title="bbox 52 1345 1067 1431; baseline -0.001 -20"><span class='ocrx_word' id='word_1_80' title='bbox 52 1346 124 1411; x_wconf 87' lang='lat' dir='ltr'><strong>sibi</strong></span> <span class='ocrx_word' id='word_1_81' title='bbox 145 1345 273 1431; x_wconf 87' lang='lat' dir='ltr'><strong>gratius</strong></span> <span class='ocrx_word' id='word_1_82' title='bbox 293 1346 435 1411; x_wconf 86' lang='lat' dir='ltr'><strong>ostendit</strong></span> <span class='ocrx_word' id='word_1_83' title='bbox 451 1345 607 1412; x_wconf 81' lang='lat' dir='ltr'><strong>futurum.</strong></span> <span class='ocrx_word' id='word_1_84' title='bbox 641 1345 698 1411; x_wconf 92' lang='lat' dir='ltr'><strong>Illi</strong></span> <span class='ocrx_word' id='word_1_85' title='bbox 719 1368 796 1412; x_wconf 83' lang='lat' dir='ltr'><strong>vero</strong></span> <span class='ocrx_word' id='word_1_86' title='bbox 820 1346 926 1412; x_wconf 86' lang='lat' dir='ltr'><strong>dicere</strong></span> <span class='ocrx_word' id='word_1_87' title='bbox 948 1347 1011 1412; x_wconf 90' lang='lat' dir='ltr'><strong>sibi</strong></span> <span class='ocrx_word' id='word_1_88' title='bbox 1033 1345 1067 1411; x_wconf 90' lang='lat' dir='ltr'><strong>id</strong></span> 
     </span>
     <span class='ocr_line' id='line_1_14' title="bbox 51 1433 1066 1520; baseline 0 -20"><span class='ocrx_word' id='word_1_89' title='bbox 51 1433 154 1500; x_wconf 83' lang='lat' dir='ltr'><strong>nefas</strong></span> <span class='ocrx_word' id='word_1_90' title='bbox 174 1453 254 1517; x_wconf 86' lang='lat' dir='ltr'><strong>esse,</strong></span> <span class='ocrx_word' id='word_1_91' title='bbox 275 1455 408 1519; x_wconf 80' lang='lat' dir='ltr'><strong>seseque</strong></span> <span class='ocrx_word' id='word_1_92' title='bbox 426 1457 498 1500; x_wconf 89' lang='lat' dir='ltr'><strong>cum</strong></span> <span class='ocrx_word' id='word_1_93' title='bbox 517 1455 643 1500; x_wconf 89' lang='lat' dir='ltr'><strong>summa</strong></span> <span class='ocrx_word' id='word_1_94' title='bbox 661 1435 826 1520; x_wconf 87' lang='lat' dir='ltr'><strong>religione,</strong></span> <span class='ocrx_word' id='word_1_95' title='bbox 849 1440 921 1500; x_wconf 90' lang='lat' dir='ltr'><strong>tum</strong></span> <span class='ocrx_word' id='word_1_96' title='bbox 939 1457 1066 1500; x_wconf 89' lang='lat' dir='ltr'><strong>summo</strong></span> 
     </span>
     <span class='ocr_line' id='line_1_15' title="bbox 15 1522 1065 1610; baseline 0.006 -28"><span class='ocrx_word' id='word_1_97' title='bbox 15 1527 152 1589; x_wconf 76' lang='lat' dir='ltr'><strong>amatu</strong></span> <span class='ocrx_word' id='word_1_98' title='bbox 170 1522 282 1608; x_wconf 85' lang='lat' dir='ltr'><strong>legum</strong></span> <span class='ocrx_word' id='word_1_99' title='bbox 301 1527 333 1587; x_wconf 91' lang='lat' dir='ltr'><strong>et</strong></span> <span class='ocrx_word' id='word_1_100' title='bbox 351 1522 542 1588; x_wconf 88' lang='lat' dir='ltr'><strong>iudiciorum</strong></span> <span class='ocrx_word' id='word_1_101' title='bbox 561 1523 674 1589; x_wconf 87' lang='lat' dir='ltr'><strong>teneri.</strong></span> <span class='ocrx_word' id='word_1_102' title='bbox 709 1522 777 1589; x_wconf 90' lang='lat' dir='ltr'><strong>Iste</strong></span> <span class='ocrx_word' id='word_1_103' title='bbox 796 1528 869 1589; x_wconf 87' lang='lat' dir='ltr'><strong>tum</strong></span> <span class='ocrx_word' id='word_1_104' title='bbox 890 1528 1001 1610; x_wconf 89' lang='lat' dir='ltr'><strong>petere</strong></span> <span class='ocrx_word' id='word_1_105' title='bbox 1024 1524 1065 1590; x_wconf 88' lang='lat' dir='ltr'><strong>ab</strong></span> 
     </span>
     <span class='ocr_line' id='line_1_16' title="bbox 54 1611 1066 1695; baseline 0 -19"><span class='ocrx_word' id='word_1_106' title='bbox 54 1612 143 1695; x_wconf 85' lang='lat' dir='ltr'><strong>illis,</strong></span> <span class='ocrx_word' id='word_1_107' title='bbox 171 1615 242 1675; x_wconf 89' lang='lat' dir='ltr'><strong>tum</strong></span> <span class='ocrx_word' id='word_1_108' title='bbox 267 1611 398 1695; x_wconf 88' lang='lat' dir='ltr'><strong>minari,</strong></span> <span class='ocrx_word' id='word_1_109' title='bbox 424 1613 495 1676; x_wconf 90' lang='lat' dir='ltr'><strong>tum</strong></span> <span class='ocrx_word' id='word_1_110' title='bbox 518 1632 622 1695; x_wconf 90' lang='lat' dir='ltr'><strong>spem,</strong></span> <span class='ocrx_word' id='word_1_111' title='bbox 648 1615 720 1676; x_wconf 90' lang='lat' dir='ltr'><strong>tum</strong></span> <span class='ocrx_word' id='word_1_112' title='bbox 742 1614 865 1677; x_wconf 86' lang='lat' dir='ltr'><strong>metum</strong></span> <span class='ocrx_word' id='word_1_113' title='bbox 888 1613 1066 1678; x_wconf 88' lang='lat' dir='ltr'><strong>ostendere.</strong></span> 
     </span>
     <span class='ocr_line' id='line_1_17' title="bbox 54 1697 1066 1786; baseline -0.002 -20"><span class='ocrx_word' id='word_1_114' title='bbox 54 1698 281 1786; x_wconf 88' lang='lat' dir='ltr'><strong>Opponebant</strong></span> <span class='ocrx_word' id='word_1_115' title='bbox 306 1699 358 1762; x_wconf 90' lang='lat' dir='ltr'><strong>illi</strong></span> <span class='ocrx_word' id='word_1_116' title='bbox 383 1719 502 1764; x_wconf 90' lang='lat' dir='ltr'><strong>nomen</strong></span> <span class='ocrx_word' id='word_1_117' title='bbox 528 1699 690 1764; x_wconf 89' lang='lat' dir='ltr'><strong>interdum</strong></span> <span class='ocrx_word' id='word_1_118' title='bbox 712 1697 748 1764; x_wconf 88' lang='lat' dir='ltr'><strong>P.</strong></span> <span class='ocrx_word' id='word_1_119' title='bbox 766 1700 926 1782; x_wconf 83' lang='lat' dir='ltr'><strong>Africani3</strong></span> <span class='ocrx_word' id='word_1_120' title='bbox 951 1702 1066 1785; x_wconf 88' lang='lat' dir='ltr'><strong>populi</strong></span> 
     </span>
     <span class='ocr_line' id='line_1_18' title="bbox 54 1786 1064 1870; baseline -0.001 -17"><span class='ocrx_word' id='word_1_121' title='bbox 54 1787 204 1853; x_wconf 88' lang='lat' dir='ltr'><strong>Romani</strong></span> <span class='ocrx_word' id='word_1_122' title='bbox 225 1787 307 1852; x_wconf 89' lang='lat' dir='ltr'><strong>illud</strong></span> <span class='ocrx_word' id='word_1_123' title='bbox 330 1809 400 1852; x_wconf 88' lang='lat' dir='ltr'><strong>esse</strong></span> <span class='ocrx_word' id='word_1_124' title='bbox 422 1787 586 1869; x_wconf 87' lang='lat' dir='ltr'><strong>dicebant;</strong></span> <span class='ocrx_word' id='word_1_125' title='bbox 607 1786 690 1851; x_wconf 86' lang='lat' dir='ltr'><strong>nihil</strong></span> <span class='ocrx_word' id='word_1_126' title='bbox 714 1808 748 1852; x_wconf 90' lang='lat' dir='ltr'><strong>se</strong></span> <span class='ocrx_word' id='word_1_127' title='bbox 771 1788 805 1852; x_wconf 88' lang='lat' dir='ltr'><strong>in</strong></span> <span class='ocrx_word' id='word_1_128' title='bbox 828 1809 866 1852; x_wconf 90' lang='lat' dir='ltr'><strong>eo</strong></span> <span class='ocrx_word' id='word_1_129' title='bbox 889 1789 1064 1870; x_wconf 87' lang='lat' dir='ltr'><strong>potestatis</strong></span> 
     </span>
     <span class='ocr_line' id='line_1_19' title="bbox 54 1874 1064 1961; baseline -0.001 -19"><span class='ocrx_word' id='word_1_130' title='bbox 54 1877 194 1960; x_wconf 89' lang='lat' dir='ltr'><strong>habere,</strong></span> <span class='ocrx_word' id='word_1_131' title='bbox 212 1875 297 1959; x_wconf 92' lang='lat' dir='ltr'><strong>quod</strong></span> <span class='ocrx_word' id='word_1_132' title='bbox 309 1875 487 1960; x_wconf 89' lang='lat' dir='ltr'><strong>imperator</strong></span> <span class='ocrx_word' id='word_1_133' title='bbox 501 1874 698 1942; x_wconf 88' lang='lat' dir='ltr'><strong>clarissimus</strong></span> <span class='ocrx_word' id='word_1_134' title='bbox 713 1876 792 1940; x_wconf 86' lang='lat' dir='ltr'><strong>urbo</strong></span> <span class='ocrx_word' id='word_1_135' title='bbox 805 1874 949 1940; x_wconf 85' lang='lat' dir='ltr'><strong>hostium</strong></span> <span class='ocrx_word' id='word_1_136' title='bbox 969 1881 1064 1961; x_wconf 86' lang='lat' dir='ltr'><strong>capta</strong></span> 
     </span>
     <span class='ocr_line' id='line_1_20' title="bbox 19 1963 1065 2048; baseline 0 -18"><span class='ocrx_word' id='word_1_137' title='bbox 19 1968 308 2030; x_wconf 59' lang='lat' dir='ltr'><strong>”monumentum</strong></span> <span class='ocrx_word' id='word_1_138' title='bbox 335 1964 490 2030; x_wconf 86' lang='lat' dir='ltr'><strong>victoriae</strong></span> <span class='ocrx_word' id='word_1_139' title='bbox 511 1964 625 2048; x_wconf 88' lang='lat' dir='ltr'><strong>populi</strong></span> <span class='ocrx_word' id='word_1_140' title='bbox 646 1963 784 2029; x_wconf 85' lang='lat' dir='ltr'><strong>Romani</strong></span> <span class='ocrx_word' id='word_1_141' title='bbox 807 1983 878 2029; x_wconf 86' lang='lat' dir='ltr'><strong>essa</strong></span> <span class='ocrx_word' id='word_1_142' title='bbox 900 1964 1065 2030; x_wconf 86' lang='lat' dir='ltr'><strong>voluisset.</strong></span> 
     </span>
     <span class='ocr_line' id='line_1_21' title="bbox 57 2051 1118 2136; baseline -0.006 -16"><span class='ocrx_word' id='word_1_143' title='bbox 57 2053 145 2120; x_wconf 83' lang='lat' dir='ltr'><strong>Cum</strong></span> <span class='ocrx_word' id='word_1_144' title='bbox 175 2052 238 2118; x_wconf 88' lang='lat' dir='ltr'><strong>istc</strong></span> <span class='ocrx_word' id='word_1_145' title='bbox 264 2053 367 2118; x_wconf 87' lang='lat' dir='ltr'><strong>nihilo</strong></span> <span class='ocrx_word' id='word_1_146' title='bbox 394 2052 561 2117; x_wconf 86' lang='lat' dir='ltr'><strong>remissius</strong></span> <span class='ocrx_word' id='word_1_147' title='bbox 589 2055 686 2136; x_wconf 86' lang='lat' dir='ltr'><strong>atque</strong></span> <span class='ocrx_word' id='word_1_148' title='bbox 714 2051 813 2117; x_wconf 87' lang='lat' dir='ltr'><strong>otiam</strong></span> <span class='ocrx_word' id='word_1_149' title='bbox 839 2052 944 2118; x_wconf 90' lang='lat' dir='ltr'><strong>multo</strong></span> <span class='ocrx_word' id='word_1_150' title='bbox 972 2051 1065 2118; x_wconf 78' lang='lat' dir='ltr'><strong>rahe·</strong></span> <span class='ocrx_word' id='word_1_151' title='bbox 1084 2065 1118 2115; x_wconf 78' lang='lat' dir='ltr'><strong>tc</strong></span> 
     </span>
     <span class='ocr_line' id='line_1_22' title="bbox 56 2139 1066 2227; baseline 0 -20"><span class='ocrx_word' id='word_1_152' title='bbox 56 2139 205 2208; x_wconf 87' lang='lat' dir='ltr'><strong>mentius</strong></span> <span class='ocrx_word' id='word_1_153' title='bbox 226 2141 365 2206; x_wconf 75' lang='lat' dir='ltr'><strong>instaret</strong></span> <span class='ocrx_word' id='word_1_154' title='bbox 387 2141 517 2227; x_wconf 79' lang='lat' dir='ltr'><strong>cotidie,</strong></span> <span class='ocrx_word' id='word_1_155' title='bbox 540 2161 592 2206; x_wconf 86' lang='lat' dir='ltr'><strong>res</strong></span> <span class='ocrx_word' id='word_1_156' title='bbox 615 2141 725 2226; x_wconf 89' lang='lat' dir='ltr'><strong>agitur</strong></span> <span class='ocrx_word' id='word_1_157' title='bbox 746 2141 781 2204; x_wconf 90' lang='lat' dir='ltr'><strong>in</strong></span> <span class='ocrx_word' id='word_1_158' title='bbox 803 2145 927 2208; x_wconf 86' lang='lat' dir='ltr'><strong>senatu.</strong></span> <span class='ocrx_word' id='word_1_159' title='bbox 962 2140 1066 2207; x_wconf 87' lang='lat' dir='ltr'><strong>Vehe-</strong></span> 
     </span>
     <span class='ocr_line' id='line_1_23' title="bbox 56 2229 1065 2314; baseline -0.002 -17"><span class='ocrx_word' id='word_1_160' title='bbox 56 2234 190 2297; x_wconf 82' lang='lat' dir='ltr'><strong>menter</strong></span> <span class='ocrx_word' id='word_1_161' title='bbox 217 2230 258 2295; x_wconf 92' lang='lat' dir='ltr'><strong>ab</strong></span> <span class='ocrx_word' id='word_1_162' title='bbox 284 2230 434 2294; x_wconf 89' lang='lat' dir='ltr'><strong>omnibus</strong></span> <span class='ocrx_word' id='word_1_163' title='bbox 456 2230 661 2294; x_wconf 89' lang='lat' dir='ltr'><strong>reclamatur.</strong></span> <span class='ocrx_word' id='word_1_164' title='bbox 701 2229 815 2313; x_wconf 87' lang='lat' dir='ltr'><strong>Itaque</strong></span> <span class='ocrx_word' id='word_1_165' title='bbox 837 2229 896 2295; x_wconf 91' lang='lat' dir='ltr'><strong>illo</strong></span> <span class='ocrx_word' id='word_1_166' title='bbox 918 2233 1065 2314; x_wconf 85' lang='lat' dir='ltr'><strong>tempore</strong></span> 
     </span>
     <span class='ocr_line' id='line_1_24' title="bbox 58 2317 1065 2404; baseline -0.001 -19"><span class='ocrx_word' id='word_1_167' title='bbox 58 2341 98 2385; x_wconf 89' lang='lat' dir='ltr'><strong>ao</strong></span> <span class='ocrx_word' id='word_1_168' title='bbox 116 2319 226 2404; x_wconf 87' lang='lat' dir='ltr'><strong>primo</strong></span> <span class='ocrx_word' id='word_1_169' title='bbox 243 2317 338 2382; x_wconf 89' lang='lat' dir='ltr'><strong>istius</strong></span> <span class='ocrx_word' id='word_1_170' title='bbox 362 2317 502 2383; x_wconf 77' lang='lat' dir='ltr'><strong>adventu</strong></span> <span class='ocrx_word' id='word_1_171' title='bbox 524 2320 729 2402; x_wconf 82' lang='lat' dir='ltr'><strong>pernegatur.</strong></span> <span class='ocrx_word' id='word_1_172' title='bbox 764 2317 892 2402; x_wconf 87' lang='lat' dir='ltr'><strong>Postea,</strong></span> <span class='ocrx_word' id='word_1_173' title='bbox 915 2319 1065 2403; x_wconf 87' lang='lat' dir='ltr'><strong>quicquid</strong></span> 
     </span>
     <span class='ocr_line' id='line_1_25' title="bbox 24 2405 1066 2490; baseline -0.002 -17"><span class='ocrx_word' id='word_1_174' title='bbox 24 2423 46 2465; x_wconf 62' lang='grc' dir='ltr'><strong>τε</strong></span> <span class='ocrx_word' id='word_1_175' title='bbox 59 2411 135 2473; x_wconf 84' lang='lat' dir='ltr'><strong>erat</strong></span> <span class='ocrx_word' id='word_1_176' title='bbox 156 2406 265 2472; x_wconf 89' lang='lat' dir='ltr'><strong>oneris</strong></span> <span class='ocrx_word' id='word_1_177' title='bbox 287 2406 322 2469; x_wconf 91' lang='lat' dir='ltr'><strong>in</strong></span> <span class='ocrx_word' id='word_1_178' title='bbox 343 2405 451 2471; x_wconf 91' lang='lat' dir='ltr'><strong>nautis</strong></span> <span class='ocrx_word' id='word_1_179' title='bbox 474 2405 715 2490; x_wconf 82' lang='lat' dir='ltr'><strong>remigibusque</strong></span> <span class='ocrx_word' id='word_1_180' title='bbox 737 2405 915 2490; x_wconf 84' lang='lat' dir='ltr'><strong>exigendis,</strong></span> <span class='ocrx_word' id='word_1_181' title='bbox 941 2406 977 2470; x_wconf 88' lang='lat' dir='ltr'><strong>in</strong></span> <span class='ocrx_word' id='word_1_182' title='bbox 998 2407 1066 2471; x_wconf 85' lang='lat' dir='ltr'><strong>fru-</strong></span> 
     </span>
     <span class='ocr_line' id='line_1_26' title="bbox 58 2491 1066 2579; baseline -0.001 -19"><span class='ocrx_word' id='word_1_183' title='bbox 58 2499 174 2560; x_wconf 86' lang='lat' dir='ltr'><strong>mento</strong></span> <span class='ocrx_word' id='word_1_184' title='bbox 205 2495 406 2579; x_wconf 86' lang='lat' dir='ltr'><strong>imperando,</strong></span> <span class='ocrx_word' id='word_1_185' title='bbox 438 2491 623 2578; x_wconf 80' lang='lat' dir='ltr'><strong>Segestanis</strong></span> <span class='ocrx_word' id='word_1_186' title='bbox 654 2497 783 2576; x_wconf 84' lang='lat' dir='ltr'><strong>practer</strong></span> <span class='ocrx_word' id='word_1_187' title='bbox 814 2497 938 2559; x_wconf 87' lang='lat' dir='ltr'><strong>ceteros</strong></span> <span class='ocrx_word' id='word_1_188' title='bbox 964 2492 1066 2576; x_wconf 87' lang='lat' dir='ltr'><strong>impo-</strong></span> 
     </span>
     <span class='ocr_line' id='line_1_27' title="bbox 58 2580 1065 2667; baseline -0.003 -19"><span class='ocrx_word' id='word_1_189' title='bbox 58 2585 172 2667; x_wconf 87' lang='lat' dir='ltr'><strong>nebat,</strong></span> <span class='ocrx_word' id='word_1_190' title='bbox 190 2583 357 2667; x_wconf 90' lang='lat' dir='ltr'><strong>aliquanto</strong></span> <span class='ocrx_word' id='word_1_191' title='bbox 372 2582 521 2667; x_wconf 79' lang='lat' dir='ltr'><strong>amplius,</strong></span> <span class='ocrx_word' id='word_1_192' title='bbox 543 2603 640 2667; x_wconf 90' lang='lat' dir='ltr'><strong>quam</strong></span> <span class='ocrx_word' id='word_1_193' title='bbox 653 2580 737 2646; x_wconf 86' lang='lat' dir='ltr'><strong>ferre</strong></span> <span class='ocrx_word' id='word_1_194' title='bbox 751 2584 893 2666; x_wconf 88' lang='lat' dir='ltr'><strong>possent.</strong></span> <span class='ocrx_word' id='word_1_195' title='bbox 920 2580 1065 2646; x_wconf 88' lang='lat' dir='ltr'><strong>Praeter-</strong></span> 
     </span>
     <span class='ocr_line' id='line_1_28' title="bbox 59 2669 1065 2758; baseline -0.005 -19"><span class='ocrx_word' id='word_1_196' title='bbox 59 2694 99 2739; x_wconf 87' lang='lat' dir='ltr'><strong>ea</strong></span> <span class='ocrx_word' id='word_1_197' title='bbox 132 2671 347 2758; x_wconf 77' lang='lat' dir='ltr'><strong>magistratus</strong></span> <span class='ocrx_word' id='word_1_198' title='bbox 378 2691 490 2736; x_wconf 86' lang='lat' dir='ltr'><strong>eorum</strong></span> <span class='ocrx_word' id='word_1_199' title='bbox 521 2669 690 2752; x_wconf 85' lang='lat' dir='ltr'><strong>evocabat,</strong></span> <span class='ocrx_word' id='word_1_200' title='bbox 722 2669 882 2754; x_wconf 90' lang='lat' dir='ltr'><strong>optimum</strong></span> <span class='ocrx_word' id='word_1_201' title='bbox 907 2690 1065 2754; x_wconf 90' lang='lat' dir='ltr'><strong>quemque</strong></span> 
     </span>
     <span class='ocr_line' id='line_1_29' title="bbox 60 2757 1065 2841; baseline -0.006 -15"><span class='ocrx_word' id='word_1_202' title='bbox 60 2766 95 2826; x_wconf 88' lang='lat' dir='ltr'><strong>et</strong></span> <span class='ocrx_word' id='word_1_203' title='bbox 118 2759 358 2826; x_wconf 90' lang='lat' dir='ltr'><strong>nobilissimum</strong></span> <span class='ocrx_word' id='word_1_204' title='bbox 382 2759 422 2824; x_wconf 92' lang='lat' dir='ltr'><strong>ad</strong></span> <span class='ocrx_word' id='word_1_205' title='bbox 445 2781 479 2824; x_wconf 91' lang='lat' dir='ltr'><strong>se</strong></span> <span class='ocrx_word' id='word_1_206' title='bbox 503 2759 696 2841; x_wconf 82' lang='lat' dir='ltr'><strong>arcessebat,</strong></span> <span class='ocrx_word' id='word_1_207' title='bbox 718 2757 838 2823; x_wconf 88' lang='lat' dir='ltr'><strong>circum</strong></span> <span class='ocrx_word' id='word_1_208' title='bbox 861 2757 973 2822; x_wconf 87' lang='lat' dir='ltr'><strong>omnia</strong></span> <span class='ocrx_word' id='word_1_209' title='bbox 993 2779 1065 2841; x_wconf 86' lang='lat' dir='ltr'><strong>pro-</strong></span> 
     </span>
     <span class='ocr_line' id='line_1_30' title="bbox 26 2845 1171 2932; baseline -0.004 -17"><span class='ocrx_word' id='word_1_210' title='bbox 26 2863 47 2905; x_wconf 69' lang='lat' dir='ltr'><strong>b</strong></span> <span class='ocrx_word' id='word_1_211' title='bbox 60 2849 187 2915; x_wconf 86' lang='lat' dir='ltr'><strong>vinciae</strong></span> <span class='ocrx_word' id='word_1_212' title='bbox 200 2847 273 2914; x_wconf 84' lang='lat' dir='ltr'><strong>fora</strong></span> <span class='ocrx_word' id='word_1_213' title='bbox 290 2848 447 2932; x_wconf 88' lang='lat' dir='ltr'><strong>rapiebat,</strong></span> <span class='ocrx_word' id='word_1_214' title='bbox 466 2846 660 2932; x_wconf 81' lang='lat' dir='ltr'><strong>singillatim</strong></span> <span class='ocrx_word' id='word_1_215' title='bbox 679 2845 735 2910; x_wconf 89' lang='lat' dir='ltr'><strong>uni</strong></span> <span class='ocrx_word' id='word_1_216' title='bbox 753 2845 867 2930; x_wconf 89' lang='lat' dir='ltr'><strong>cuique</strong></span> <span class='ocrx_word' id='word_1_217' title='bbox 885 2845 1066 2910; x_wconf 84' lang='lat' dir='ltr'><strong>calamitati</strong></span> <span class='ocrx_word' id='word_1_218' title='bbox 1166 2855 1171 2875; x_wconf 83' lang='grc'><em>·</em></span> 
     </span>
     <span class='ocr_line' id='line_1_31' title="bbox 60 2934 1064 3019; baseline -0.007 -17"><span class='ocrx_word' id='word_1_219' title='bbox 60 2938 133 3004; x_wconf 80' lang='lat' dir='ltr'><strong>fore</strong></span> <span class='ocrx_word' id='word_1_220' title='bbox 162 2958 196 3002; x_wconf 86' lang='lat' dir='ltr'><strong>sc</strong></span> <span class='ocrx_word' id='word_1_221' title='bbox 219 2936 444 3019; x_wconf 86' lang='lat' dir='ltr'><strong>denuntiabat,</strong></span> <span class='ocrx_word' id='word_1_222' title='bbox 470 2935 628 3000; x_wconf 86' lang='lat' dir='ltr'><strong>universis</strong></span> <span class='ocrx_word' id='word_1_223' title='bbox 653 2953 687 2999; x_wconf 84' lang='lat' dir='ltr'><strong>se</strong></span> <span class='ocrx_word' id='word_1_224' title='bbox 709 2934 855 3000; x_wconf 86' lang='lat' dir='ltr'><strong>funditus</strong></span> <span class='ocrx_word' id='word_1_225' title='bbox 877 2955 1064 2998; x_wconf 83' lang='lat' dir='ltr'><strong>eversurum</strong></span> 
     </span>
     <span class='ocr_line' id='line_1_32' title="bbox 62 3020 1064 3110; baseline -0.005 -20"><span class='ocrx_word' id='word_1_226' title='bbox 62 3027 163 3110; x_wconf 86' lang='lat' dir='ltr'><strong>[esse]</strong></span> <span class='ocrx_word' id='word_1_227' title='bbox 195 3025 286 3090; x_wconf 84' lang='lat' dir='ltr'><strong>illam</strong></span> <span class='ocrx_word' id='word_1_228' title='bbox 316 3024 483 3090; x_wconf 80' lang='lat' dir='ltr'><strong>civitatem</strong></span> <span class='ocrx_word' id='word_1_229' title='bbox 510 3022 703 3088; x_wconf 89' lang='lat' dir='ltr'><strong>minabatur.</strong></span> <span class='ocrx_word' id='word_1_230' title='bbox 748 3020 863 3106; x_wconf 88' lang='lat' dir='ltr'><strong>Itaque</strong></span> <span class='ocrx_word' id='word_1_231' title='bbox 891 3021 1064 3106; x_wconf 88' lang='lat' dir='ltr'><strong>aliquando</strong></span> 
     </span>
    </p>
   </div>
   <div class='ocr_carea' id='block_1_3' title="bbox 29 3108 1066 3532">
    <p class='ocr_par' dir='ltr' id='par_1_3' title="bbox 61 3108 1066 3288">
     <span class='ocr_line' id='line_1_33' title="bbox 61 3108 1065 3199; baseline -0.004 -21"><span class='ocrx_word' id='word_1_232' title='bbox 61 3113 177 3180; x_wconf 89' lang='lat' dir='ltr'><strong>multis</strong></span> <span class='ocrx_word' id='word_1_233' title='bbox 195 3113 290 3178; x_wconf 89' lang='lat' dir='ltr'><strong>malis</strong></span> <span class='ocrx_word' id='word_1_234' title='bbox 309 3131 491 3199; x_wconf 89' lang='lat' dir='ltr'><strong>magnoque</strong></span> <span class='ocrx_word' id='word_1_235' title='bbox 510 3113 599 3177; x_wconf 88' lang='lat' dir='ltr'><strong>metu</strong></span> <span class='ocrx_word' id='word_1_236' title='bbox 617 3109 695 3175; x_wconf 84' lang='lat' dir='ltr'><strong>victi</strong></span> <span class='ocrx_word' id='word_1_237' title='bbox 712 3108 883 3198; x_wconf 84' lang='lat' dir='ltr'><strong>Segestani</strong></span> <span class='ocrx_word' id='word_1_238' title='bbox 905 3110 1065 3194; x_wconf 84' lang='lat' dir='ltr'><strong>praetoris</strong></span> 
     </span>
     <span class='ocr_line' id='line_1_34' title="bbox 61 3197 1066 3288; baseline -0.006 -20"><span class='ocrx_word' id='word_1_239' title='bbox 61 3201 200 3288; x_wconf 85' lang='lat' dir='ltr'><strong>imperio</strong></span> <span class='ocrx_word' id='word_1_240' title='bbox 213 3201 391 3286; x_wconf 88' lang='lat' dir='ltr'><strong>parendum</strong></span> <span class='ocrx_word' id='word_1_241' title='bbox 407 3217 477 3266; x_wconf 86' lang='lat' dir='ltr'><strong>esse</strong></span> <span class='ocrx_word' id='word_1_242' title='bbox 496 3200 713 3265; x_wconf 71' lang='lat' dir='ltr'><strong>decreuerunt.</strong></span> <span class='ocrx_word' id='word_1_243' title='bbox 744 3197 866 3284; x_wconf 90' lang='lat' dir='ltr'><strong>Magno</strong></span> <span class='ocrx_word' id='word_1_244' title='bbox 885 3219 957 3263; x_wconf 89' lang='lat' dir='ltr'><strong>oum</strong></span> <span class='ocrx_word' id='word_1_245' title='bbox 975 3199 1066 3264; x_wconf 90' lang='lat' dir='ltr'><strong>luctu</strong></span> 
     </span>
    </p>

    <p class='ocr_par' dir='ltr' id='par_1_4' title="bbox 29 3286 1066 3532">
     <span class='ocr_line' id='line_1_35' title="bbox 29 3286 1066 3376; baseline -0.004 -22"><span class='ocrx_word' id='word_1_246' title='bbox 29 3305 50 3345; x_wconf 76' lang='lat'><strong>³⁵</strong></span> <span class='ocrx_word' id='word_1_247' title='bbox 64 3295 96 3354; x_wconf 91' lang='lat' dir='ltr'><strong>et</strong></span> <span class='ocrx_word' id='word_1_248' title='bbox 128 3289 253 3376; x_wconf 89' lang='lat' dir='ltr'><strong>gemitu</strong></span> <span class='ocrx_word' id='word_1_249' title='bbox 284 3289 386 3354; x_wconf 88' lang='lat' dir='ltr'><strong>totius</strong></span> <span class='ocrx_word' id='word_1_250' title='bbox 418 3287 572 3370; x_wconf 81' lang='lat' dir='ltr'><strong>civitatis,</strong></span> <span class='ocrx_word' id='word_1_251' title='bbox 607 3286 719 3351; x_wconf 88' lang='lat' dir='ltr'><strong>multis</strong></span> <span class='ocrx_word' id='word_1_252' title='bbox 751 3309 825 3352; x_wconf 90' lang='lat' dir='ltr'><strong>cum</strong></span> <span class='ocrx_word' id='word_1_253' title='bbox 852 3287 1011 3374; x_wconf 85' lang='lat' dir='ltr'><strong>lacrumis¹</strong></span> <span class='ocrx_word' id='word_1_254' title='bbox 1033 3290 1066 3352; x_wconf 89' lang='lat' dir='ltr'><strong>et</strong></span> 
     </span>
     <span class='ocr_line' id='line_1_36' title="bbox 63 3374 1066 3460; baseline -0.004 -18"><span class='ocrx_word' id='word_1_255' title='bbox 63 3377 349 3444; x_wconf 81' lang='lat' dir='ltr'><strong>lamentationibus</strong></span> <span class='ocrx_word' id='word_1_256' title='bbox 364 3377 507 3442; x_wconf 82' lang='lat' dir='ltr'><strong>virorum</strong></span> <span class='ocrx_word' id='word_1_257' title='bbox 521 3375 757 3460; x_wconf 88' lang='lat' dir='ltr'><strong>mulierumque</strong></span> <span class='ocrx_word' id='word_1_258' title='bbox 773 3374 917 3440; x_wconf 90' lang='lat' dir='ltr'><strong>omnium</strong></span> <span class='ocrx_word' id='word_1_259' title='bbox 936 3375 1066 3440; x_wconf 74' lang='lat' dir='ltr'><strong>simula</strong></span> 
     </span>
     <span class='ocr_line' id='line_1_37' title="bbox 64 3464 659 3532; baseline -0.008 0"><span class='ocrx_word' id='word_1_260' title='bbox 64 3486 154 3532; x_wconf 87' lang='lat' dir='ltr'><strong>crum</strong></span> <span class='ocrx_word' id='word_1_261' title='bbox 176 3465 300 3532; x_wconf 86' lang='lat' dir='ltr'><strong>Dianae</strong></span> <span class='ocrx_word' id='word_1_262' title='bbox 322 3465 502 3531; x_wconf 90' lang='lat' dir='ltr'><strong>tollendum</strong></span> <span class='ocrx_word' id='word_1_263' title='bbox 524 3464 659 3530; x_wconf 88' lang='lat' dir='ltr'><strong>locatur.</strong></span> 
     </span>
    </p>
   </div>
   <div class='ocr_carea' id='block_1_4' title="bbox 0 0 1206 3928">
    <p class='ocr_par' dir='ltr' id='par_1_5' title="bbox 0 0 1206 3928">
     <span class='ocr_line' id='line_1_38' title="bbox 0 0 1206 3928; baseline 0 1"><span class='ocrx_word' id='word_1_264' title='bbox 0 0 1206 3928; x_wconf 95' lang='lat' dir='ltr'><strong> </strong></span> 
     </span>
    </p>
   </div>
  </div>
 </body>
</html>
