2470 3936
145 154 213 216 424
445 147 485 203 ΙΝ
504 147 533 203 C.
547 145 702 202 VERREM
719 145 797 201 AGT.
817 146 851 202 11.

146 312 236 362 surr
272 310 320 360 nn
356 289 391 359 0.
421 291 554 358 Vannu.
609 289 694 368 Quid
731 294 848 376 postea
887 291 1045 377 scriptum
1080 293 1152 358 est?

147 381 224 450 cun
255 398 438 450 suasanus
469 397 567 446 nuno
594 396 712 458 naeus
739 396 963 446 sannuncurt
990 397 1153 448 nrwnar.

147 471 231 549 Quid
270 473 320 537 est
357 469 441 536 hoc?
489 466 578 534 Sors
616 483 781 535 nucmun
837 467 943 544 Quam
982 469 1025 534 ob
1063 471 1153 535 rem?

146 581 242 626 nemo
275 561 346 624 erat
372 557 577 623 voluntarius
603 556 756 622 laudator
781 559 955 642 praeturae
980 561 1071 642 tuae,
1102 559 1153 624 de

146 649 257 715 fensor
283 646 514 733 periculorum,
540 643 733 730 praesertim
762 667 835 710 cum
857 645 941 710 inire
961 666 985 711 a
1005 651 1177 730 praetores
1217 661 1218 700 t

149 737 289 824 gratiam
317 735 450 819 posset?
490 732 605 798 Nemo.
649 731 705 797 llli
727 732 792 817 ipsi
815 732 864 798 tui
887 734 1058 818 convivae,
1084 757 1154 802 con-
1217 749 1218 782 l

148 823 276 906 siliarii,
303 821 437 906 conscii,
464 820 544 888 socii
565 821 701 886 verbum
723 819 830 886 iacere
852 841 918 886 non
942 823 1074 889 audent.
1117 822 1154 888 ln

148 935 213 998 qua
230 910 321 977 ouria
338 914 450 976 statua
466 913 526 975 tua
548 909 659 975 stabat
682 912 716 974 et
736 909 825 973 nuda
847 909 917 993 filii,
940 910 976 975 in
1000 933 1041 976 ea
1061 933 1152 978 nemo
1218 943 1219 946 ¹

147 999 224 1085 fuit,
250 1020 291 1065 ne
319 1020 416 1083 quem
441 998 546 1063 nudus
574 997 704 1082 quidem
730 997 817 1063 filius
843 997 967 1066 nudata
989 1000 1154 1084 provincia
1218 1049 1219 1052 ,

96 1101 148 1152 144
167 1091 392 1156 commoveret.
428 1085 537 1170 Atque
556 1086 655 1151 etiam
672 1085 735 1151 hoc
755 1106 807 1152 me
827 1085 953 1170 docent,
977 1087 1049 1154 eius
1072 1088 1155 1156 modi
1166 1109 1190 1148 u

149 1199 220 1244 sese
237 1176 351 1243 fecisse
370 1175 601 1258 laudationem,
621 1177 659 1239 ut
676 1195 789 1239 omnes
809 1173 1002 1261 intellegere
1025 1181 1157 1262 possent

148 1288 215 1333 non
227 1265 458 1349 laudationem,
471 1263 528 1328 sed
541 1262 650 1347 potius
663 1261 853 1328 inrisionem
867 1283 939 1329 esse
952 1263 1059 1350 illam,
1078 1287 1156 1350 quae
1219 1259 1220 1282 ³

150 1353 440 1420 commonefaceret
469 1351 566 1416 istius
593 1355 724 1435 turpem
750 1350 1044 1437 calamitosamque
1070 1375 1156 1439 prae·
1220 1388 1221 1470 p

148 1446 265 1507 turam.
309 1439 442 1506 Etenim
473 1439 631 1524 scriptum
662 1459 732 1504 esse
759 1439 820 1504 ita:
854 1456 952 1517 ouon
980 1457 1015 1506 rs
1043 1459 1156 1508 vnctus
1220 1471 1221 1494 i

148 1545 307 1595 nnuman
326 1544 529 1593 cncmrssnu
553 1563 592 1574 -
616 1549 638 1592 a
656 1547 720 1612 quo
742 1528 908 1613 cognostis
931 1529 1190 1596 nobilissimoss

86 1655 94 1670 .
147 1617 296 1684 homiues
325 1619 422 1700 atque
444 1614 727 1682 innocentissimos
751 1615 854 1681 securi
877 1637 949 1681 esse
970 1637 1156 1702 percussos,

150 1723 245 1785 ouon
282 1719 501 1771 wesmannus
536 1719 750 1770 Pnovlncun
782 1720 1086 1772 nnumsnnsssnu
1119 1743 1156 1754 —-

149 1795 239 1860 cuius
258 1814 370 1860 omnes
387 1791 519 1878 vigilias
541 1791 576 1856 in
599 1791 720 1876 stupris
743 1795 873 1856 constat
896 1793 1156 1881 [adulteriisque]

150 1904 220 1948 esse
261 1885 483 1967 consumptam
525 1879 627 1961 [cuius
669 1878 757 1945 modi
796 1883 937 1965 constat,
978 1881 1044 1950 hoc
1083 1905 1157 1950 vero

151 1971 308 2055 scriptum
331 1990 414 2052 esse,
439 1967 525 2053 quod
546 1967 691 2053 proferre
713 1989 780 2033 non
801 1969 935 2034 auderet
956 1991 1047 2056 reus,
1072 1993 1191 2038 acon-n
1222 1952 1223 2008 l

151 2061 241 2125 sator
254 2058 390 2123 recitare
403 2077 470 2122 non
484 2055 656 2137 desineret]
676 2073 772 2134 ouon
790 2073 1000 2124 rasnnonns
1019 2077 1158 2127 rnocua

149 2164 195 2212 aa
222 2162 349 2210 rnsuun
376 2142 506 2210 S1c1n1s
532 2160 781 2210 rnonmmssnn
805 2144 976 2228 [Vnnans]
1004 2183 1050 2196 -
1079 2171 1157 2236 quos

175 2231 273 2297 ctiam
296 2232 384 2296 intra
406 2228 640 2314 Syracusanam
662 2231 803 2298 insulam
826 2233 956 2319 recepit.

97 2291 163 2418 ill)
237 2317 327 2385 Haec
353 2321 568 2404 posteaquam
596 2319 724 2384 axillis
747 2322 898 2407 cognovi,
926 2322 1064 2390 discessi
1087 2347 1157 2392 cum

173 2408 277 2474 fratre
300 2429 317 2472 e
340 2406 442 2490 ouria,
468 2411 505 2473 ut
527 2407 622 2473 nobis
646 2407 849 2493 absentibus,
872 2411 900 2474 si
923 2411 1002 2495 quid
1025 2414 1192 2498 vellentes

98 2502 141 2569 65
152 2498 366 2562 decernerent.
415 2494 600 2562 Decernunt
631 2496 743 2562 statim
773 2498 914 2583 primum
959 2503 998 2566 ut
1025 2523 1101 2568 curn
1124 2502 1157 2568 t.

150 2585 253 2652 fratre
293 2583 473 2669 hospitium
513 2584 641 2668 publice
681 2585 787 2669 fieret,
828 2549 930 2670 quod²
952 2587 982 2652 is
1024 2591 1155 2656 candem

151 2674 461 2824 voluntatehmberga
488 2671 707 2826 Syrspplnsunos
735 2675 941 2826 mleeplsset'
969 2697 1071 2778 quam
1099 2700 1155 2829 egp

153 2783 220 2828 sem
245 2783 279 2827 er
334 2781 505 2826 aurssem.
624 2782 690 2826 non
721 2783 817 2827 moo
865 2785 919 2828 um

151 2784 264 2916 verulin
279 2849 377 2914 etiam
395 2848 430 2913 in
448 2869 521 2914 acre
540 2848 677 2915 incisum
694 2849 790 2916 nobis
808 2783 1155 2920 tradiderspnrppsprrplrpe,
1165 2873 1187 2913 a

152 2938 283 3004 hercule
305 2941 339 3002 te
362 2935 557 3021 Syracusani
578 2937 641 3021 tui,
664 2958 745 3021 quos
768 2939 880 3004 crebro
904 2961 1154 3008 commemorare

153 3026 252 3109 soles,
280 3025 434 3112 diligunt,
463 3025 518 3110 qni
546 3047 619 3091 cum
642 3029 829 3092 accusatore
851 3030 909 3092 tuo
932 3029 1013 3094 satis
1038 3030 1154 3096 iustam

153 3134 284 3179 causam
311 3112 553 3200 coniungendae
579 3113 824 3179 necessitudinis
851 3118 983 3200 putant,
1011 3119 1100 3201 quod
1124 3123 1153 3182 te

153 3203 360 3266 accusaturus
398 3202 442 3267 sit
477 3204 511 3267 et
547 3201 633 3286 quod
668 3202 859 3286 inquisitum
894 3204 929 3268 in
960 3208 993 3269 te
1024 3207 1152 3272 venerit.

152 3287 272 3350 Postea
304 3287 499 3372 decernitur,
531 3311 568 3356 ac
597 3311 663 3356 non
690 3291 792 3374 varie,
824 3291 880 3356 ssd
906 3313 1008 3378 propo
1035 3295 1185 3360 emensa

154 3371 336 3453 sententiis,
367 3379 405 3439 ut
431 3377 591 3461 laudatio,
620 3399 702 3462 quae
730 3376 764 3444 Ο.
786 3378 882 3447 Verri
909 3380 1039 3446 decreta
1067 3387 1152 3464 esset,

101 3465 152 3517 146
171 3455 350 3520 tolleretur.
403 3459 443 3525 In
479 3483 516 3528 eo
554 3485 626 3530 cum
661 3465 729 3531 iam
762 3487 830 3532 non
866 3469 972 3534 solum
1005 3469 1152 3537 discessio
