2470 3936
328 175 394 229 urs.
410 175 436 229 V
468 175 543 232 oAP.
558 182 663 232 rr-ae
681 183 696 243 a
715 183 827 233 saeos.
1011 178 1077 245 463

53 318 236 386 hominem
271 318 307 384 in
343 319 439 384 malis
471 324 591 404 posset.
640 319 744 386 Huius
777 323 886 388 autem
917 324 1076 408 praeclari
1094 338 1128 388 93

53 407 279 491 imperatoris
306 407 355 472 ita
378 412 448 472 erat
471 429 584 474 seuera
605 408 693 474 domi
716 409 899 494 disciplina,
925 412 1019 480 utin
1041 435 1076 478 re

55 498 165 560 tanta
194 499 227 560 ot
252 499 321 562 tam
344 497 437 582 graui
459 497 574 564 nuntio
596 519 691 564 nemo
715 497 953 582 admitteretur,
980 521 1075 566 nemo

56 587 167 667 esset,
192 583 248 667 qui
266 583 398 648 auderet
421 588 478 650 aut
501 585 713 650 dormientem
736 586 876 652 exaitare
899 591 956 652 aut
978 587 1076 654 inter-

27 673 196 758 spellare
214 672 415 757 uigilantem.
455 672 526 738 Iam
548 695 625 740 vero
648 697 683 739 re
707 674 748 738 ab
772 676 920 740 omnibus
944 677 1076 764 cognita

56 761 286 826 oonoursabat
303 761 383 826 urbe
405 763 477 825 tota
499 762 642 828 marimo
663 762 846 828 multitudo.
882 763 959 830 Non
981 765 1075 849 enim,

58 850 153 914 siout
182 851 253 912 erat
281 851 376 914 antea
403 870 531 933 semper
557 851 768 934 consuetudo,
794 851 992 936 praedonum
1020 853 1075 920 ad·

57 940 204 1002 ventum
232 936 438 1022 signifioabat
463 937 591 1023 ignise
619 939 750 1022 sperula
775 939 923 1005 sublatus
947 944 1004 1006 aut
1026 945 1075 1007 tu-

57 1025 171 1109 mulo,
194 1024 250 1090 sed
266 1025 399 1090 flamma
417 1026 545 1110 ex'ipso
564 1025 711 1092 incendio
733 1026 865 1092 narium
889 1031 922 1092 et
943 1029 1075 1094 calami-

19 1132 44 1170 ιο
59 1117 176 1180 tatem
212 1116 377 1198 acceptam
413 1116 447 1178 et
481 1114 659 1198 perieulum
695 1114 856 1200 reliquum
891 1116 1073 1184 nuntiabat.

59 1201 152 1268 Cum
186 1204 319 1286 praetor
350 1205 558 1286 quaereretur
590 1206 624 1266 et
655 1206 820 1268 constaret
850 1203 1012 1270 neminem
1045 1202 1126 1269 ei36

58 1288 252 1372 nuntiasse,
272 1289 312 1354 fit
331 1290 371 1354 ad
394 1289 525 1356 domum
549 1291 618 1354 eius
641 1312 714 1356 cum
736 1291 877 1356 elamore
900 1313 1074 1358 concursus

60 1383 169 1462 atque
186 1377 335 1462 impetus
372 1377 456 1442 Tum
473 1377 536 1442 iste
559 1378 717 1444 excitatus
741 1379 831 1444 audit
853 1401 922 1446 rem
945 1402 1074 1447 omnem
1092 1395 1127 1444 94

61 1489 105 1532 ex
130 1466 348 1550 Timarchide,
372 1486 486 1552 sagum
510 1467 611 1534 sunsit
633 1463 778 1553 (lucebat
801 1467 867 1532 iam
889 1467 980 1554 fere),
1002 1491 1074 1554 pro·

22 1571 47 1611 1⁵
62 1553 155 1622 cedit
174 1555 208 1618 in
225 1554 366 1622 medium
384 1554 461 1638 vini,
484 1554 598 1638 somni,
621 1555 728 1640 stupri
744 1556 870 1640 plenus.
905 1556 1076 1642 Excipitur

62 1645 108 1708 ab
145 1642 295 1708 omnibus
327 1643 395 1708 eius
428 1642 516 1708 modi
547 1644 701 1726 elamore,
732 1647 770 1708 ut
801 1645 831 1708 ei
862 1643 1075 1730 Lampsaceni

61 1730 206 1817 perieuli
232 1730 409 1796 similitudo
432 1733 616 1794 versaretur
639 1735 714 1796 ants
738 1731 862 1813 oeulos3
889 1732 951 1797 hoo
974 1734 1074 1800 etiam

63 1819 175 1886 maius
202 1818 265 1884 hoo
290 1818 473 1903 videbatur,
502 1818 587 1902 quod
613 1818 648 1882 in
675 1818 749 1882 odio
775 1819 874 1884 simili
897 1821 1073 1886 multitudo

62 1907 241 1974 hominum
265 1906 346 1972 haeo
374 1910 444 1972 erat
466 1927 625 1972 maxuma.
670 1907 752 1972 Tum
775 1906 870 1972 istius
894 1911 967 1974 aota
990 1929 1074 1974 oom-

25 2014 49 2054 πο
62 1995 321 2077 memorabatur,
334 1997 404 2060 tum
418 1994 583 2080 flagitiosa
597 1995 656 2059 illa
670 1994 827 2077 oonvivia,
844 1999 915 2060 tum
932 1997 1074 2080 appella·

63 2087 190 2150 bantur
205 2106 225 2148 a
238 2083 445 2148 multitudine
463 2083 614 2148 mulieres
633 2082 836 2166 nominatim,
853 2086 925 2150 tum
944 2105 1074 2168 quaere·¹

63 2175 151 2238 bant
183 2192 222 2236 ex
252 2171 317 2236 isto
349 2172 471 2254 palam,
507 2175 558 2238 tot
590 2170 657 2236 dies
690 2171 871 2256 continuos,
902 2194 961 2257 per
993 2195 1075 2256 quos

63 2279 247 2343 numquam
269 2260 358 2326 risus
382 2263 481 2344 esset,
506 2259 563 2324 ubi
585 2258 714 2342 fuisset,
742 2260 819 2343 quid
842 2260 976 2346 egisset,
1003 2265 1075 2328 tum

64 2351 248 2434 imperator
267 2349 309 2412 ab
331 2347 396 2413 isto
419 2347 624 2432 praepositus
644 2345 834 2414 Cleomenes
855 2349 1075 2433 flagitabatur,

28 2453 51 2496 u
64 2457 174 2520 neque
202 2436 375 2520 quiequam
401 2435 535 2521 propius
562 2438 612 2500 est
638 2433 775 2517 fartum,
806 2458 902 2517 quam
929 2439 967 2499 ut
993 2437 1074 2502 illud

64 2525 225 2590 Uticense
250 2525 432 2608 exemplum
460 2523 499 2588 ds
526 2521 692 2590 Hadriano
720 2521 951 2588 transferretur
978 2521 1074 2608 Syra

65 2634 173 2695 ausas,
191 2615 228 2678 ut
243 2613 305 2676 duo
320 2612 496 2696 sepulchra
503 2610 641 2676 duorum
657 2614 845 2694 praetorum
862 2610 1074 2695 inproborum

65 2702 195 2767 duabus
221 2700 257 2766 iu
282 2700 459 2785 provinciis
485 2701 765 2766 constituerentur.
809 2697 934 2764 Verum
959 2699 1075 2766 habita

65 2794 119 2855 est
151 2811 172 2854 a
203 2788 413 2854 multitudine
442 2787 527 2852 ratio
559 2787 731 2871 temporis,
761 2787 876 2853 habita
904 2789 1074 2871 tumultus,

29 2878 184 2944 arabim
215 2877 314 2942 etiam
346 2876 516 2962 dignitatis
548 2875 859 2959 existimationisque
887 2877 1074 2959 eommunis,

66 2965 155 3050 quod
182 2965 211 3030 is
240 2969 290 3030 est
313 2968 489 3032 conventus
513 2960 679 3048 Syracusis
703 2963 821 3028 rivium
844 2963 1074 3047 Romanorum,

65 3059 185 3120 utnon
199 3054 295 3118 modo
309 3053 369 3118 illa
382 3052 558 3138 provinoia,
575 3073 686 3116 verum
702 3051 800 3116 etium
814 3051 876 3116 hae
890 3073 926 3116 re
942 3052 1074 3136 publiea

66 3141 279 3228 dignissimus
317 3141 526 3208 existimatur.
579 3137 780 3206 Confirmant
811 3139 879 3224 ipsi
916 3161 965 3222 ss,
1000 3161 1074 3206 eum
1092 3151 1127 3201 95

64 3229 121 3296 hio
154 3229 254 3296 etiam
285 3233 356 3295 tum
384 3229 597 3296 semisomnus
625 3230 783 3310 stuperet,
815 3247 907 3294 arma
933 3227 1074 3312 capiunt,

31 3333 53 3374 ³⁵
66 3322 176 3384 totum
203 3317 311 3385 forum
338 3321 435 3402 atque
461 3317 621 3400 Insulam,
649 3336 731 3398 quae
759 3319 810 3380 est
837 3315 927 3380 urbis
954 3335 1075 3401 magna

66 3429 154 3492 pars,
177 3407 350 3491 eomplent.
387 3405 495 3472 Unam
514 3406 607 3470 illam
625 3406 754 3469 nostem
772 3404 876 3468 solam
895 3403 1073 3488 praedones

67 3496 109 3562 ad
130 3494 290 3562 Helorum
314 3493 519 3576 commorati,
547 3515 620 3558 oum
641 3491 798 3556 fumantis
821 3491 921 3558 etiam
943 3495 1074 3557 nostras
