2386 3938
295 157 335 212 IN
353 157 384 223 Q.
400 157 600 215 clnculum
616 158 818 216 DIVINATIO.
1014 164 1057 228 99

64 300 258 386 dissolveret,
288 301 448 386 siquidem
477 303 545 368 sine
572 303 721 369 cautione
749 308 782 369 et
808 305 1058 390 repromissione

62 388 154 543 titsst
174 390 294 542 binim
326 390 359 454 id
388 388 530 456 Fannius
563 392 725 476 societati,
760 392 823 458 hoc
853 397 902 459 est
930 393 1057 479 Roscio,

80 499 174 543 eea
968 503 970 513 ·

325 567 468 648 [emesa
488 569 562 630 sect
581 585 645 634 con
663 571 787 651 pacm]

451 809 662 826 -Ι--ῑ--π--ό--ι

314 1058 362 1132 Μ.
387 1057 529 1132 TULLI
557 1059 804 1134 CICERONIS

113 1222 179 1306 IN
217 1221 265 1326 Q.
300 1221 691 1308 dunelmen
727 1221 1000 1329 ORATIO,

261 1387 381 1468 ouen
404 1387 638 1457 nwnunuuo
660 1389 851 1491 momen

502 1551 608 1560 ...ι-ι...-

185 1673 559 1738 Peenno-Ascoul
586 1611 921 1740 ARtGUMENTUM.

123 1791 168 1846 Cn.
176 1791 315 1862 Pompeio
328 1791 450 1862 primum
461 1794 490 1847 et
500 1791 644 1847 Meruisse
656 1809 726 1849 coss,
750 1791 884 1848 (lverres
897 1793 1059 1863 perfunctus

65 1865 209 1932 quaestura,
228 1862 382 1932 legatione,
399 1865 532 1932 praetura
549 1863 664 1930 urbane,
682 1865 762 1932 petre
781 1861 810 1917 O.
824 1861 912 1917 Verre
930 1866 959 1917 et
977 1881 1058 1933 pree-

65 1933 232 1988 texteto-lllio
249 1935 278 1987 et
295 1933 354 1987 filie
370 1936 467 2003 nupte,
485 1949 600 1988 uxorem
617 1933 732 2002 hebens,
751 1949 815 1988 cum
833 1933 1012 1988 successisset
1028 1934 1059 1988 in

67 2000 147 2058 Sicilia
155 2003 184 2059 Ο.
193 2003 342 2059 Sacerdoti
351 2004 477 2074 praetori
486 2019 603 2073 eumque
613 2003 734 2060 nonsibi
746 2004 909 2058 succedente
915 2003 996 2058 Arrio
1008 2021 1059 2074 per

66 2071 202 2129 triennium
214 2074 355 2130 tenuisset
367 2076 451 2143 etque
465 2075 496 2128 in
509 2091 543 2130 ee
555 2074 656 2132 fuisset
667 2073 825 2141 libidinose,
840 2089 924 2130 avere
940 2074 1058 2130 crudeli-

61 2143 146 2212 terque
159 2147 300 2212 versatus,
319 2145 483 2201 succedente
497 2146 612 2200 tandem
625 2144 656 2199 in
669 2145 768 2200 eedem
785 2145 931 2215 provincie
943 2145 1058 2200 Metello

67 2217 271 2282 repetundnnum
283 2231 347 2270 reue
361 2216 397 2270 eb
412 2215 512 2272 Siculis
547 2215 684 2271 ustulatus
699 2217 754 2284 est;
773 2215 822 2284 qui
834 2232 930 2271 omnes
945 2218 1058 2287 praeter
1075 2257 1078 2261 .

67 2281 244 2352 Syracusanos
262 2301 295 2340 ec
308 2285 490 2342 Mamertinos
539 2285 683 2340 ,Tullium
700 2285 750 2340 illo
768 2289 893 2356 tempore
911 2287 1058 2342 florentem

68 2353 261 2412 defensionibus
272 2356 425 2412 amicorum
435 2357 471 2411 ed
484 2357 671 2412 accusandum
684 2356 850 2412 descendere
864 2357 1059 2428 compulerunt
1123 2387 1128 2398 ι

67 2422 551 2554 celeniensis&
563 2427 1007 2566 is⁰e¹stmm⁰tetec
1028 2427 1059 2552 n

68 2563 266 2637 decretione,
292 2586 378 2638 quem
398 2567 526 2639 Lilybaei
549 2567 661 2636 hebuit,
686 2539 832 2623 multatis
855 2569 977 2640 benigne
989 2541 1058 2638 'pro-

68 2636 181 2694 misisset
214 2640 341 2695 Accessit
362 2639 408 2694 his
429 2653 487 2694 non
504 2638 637 2710 ignobilis
652 2638 749 2693 future
765 2638 829 2694 ideo
848 2639 882 2694 de
896 2639 983 2694 Verre
1001 2638 1058 2692 vic·

68 2707 139 2780 toric,
164 2710 234 2779 quia
256 2727 274 2765 e
295 2710 430 2778 Metellis,
459 2709 635 2780 Scipionibus
658 2711 687 2764 et
711 2709 808 2764 multis
831 2709 894 2764 eliis
916 2707 1057 2764 nobilibus

69 2776 122 2833 viris
146 2783 176 2836 et
196 2781 348 2862 proecipue
371 2781 407 2836 eb
429 2779 581 2836 Hortensio
603 2780 666 2850 ipso
688 2779 894 2847 defenderetur,
923 2778 1006 2834 facile
1029 2780 1059 2833 et

69 2847 178 2920 principe
201 2869 232 2905 m
254 2854 353 2906 senatu
370 2853 485 2922 propter
502 2851 681 2905 nobilitatem
698 2852 728 2906 et
744 2851 776 2906 in
792 2851 854 2904 foro
873 2851 909 2904 cb
928 2849 1058 2916 eloquen-

70 2915 126 2973 tiam
145 2937 216 2992 rege
235 2938 382 2977 causarum
403 2924 433 2977 et
455 2921 554 2978 eodem
574 2921 688 2976 consule
706 2921 854 2992 designato
873 2937 936 2974 cnm
954 2917 985 2984 Q.
1000 2918 1058 2972 Me-

14 3039 15 3042 ,
70 2987 136 3058 tello,
166 2992 254 3048 frene
281 2991 471 3061 Metellorum,
503 2992 618 3048 alterius
644 2991 783 3062 praetoris
811 2990 910 3058 Siculi,
943 2988 1059 3044 alterius

69 3062 191 3124 praetoris
209 3063 317 3118 urbani.
349 3063 401 3118 His
414 3063 457 3117 ite
471 3062 630 3118 constitutis
644 3061 754 3116 exstitit
767 3061 797 3126 Q.
809 3059 946 3115 Caecilius
962 3059 1059 3130 Niger,

71 3127 140 3206 domo
158 3132 278 3204 Siculus,
302 3136 332 3189 et
349 3136 480 3202 quaestor
493 3133 588 3190 Verris
607 3135 637 3188 et
654 3132 791 3201 eiusdem,
809 3134 842 3186 ut
859 3131 920 3201 ipse
938 3131 1059 3199 dicebat,

71 3198 191 3272 mimicus,
210 3204 260 3274 qui
273 3221 302 3260 se
315 3205 411 3275 potius
424 3207 614 3260 accusatorem
629 3203 810 3258 contenderet
827 3201 961 3258 constitui
979 3218 1060 3272 opor·

71 3269 118 3346 tere
133 3271 183 3328 hee
202 3273 318 3330 efferens
337 3292 448 3344 causes,
473 3292 570 3344 unum,
594 3274 668 3343 quod
686 3273 722 3329 cb
741 3273 885 3329 colossus
905 3275 934 3328 et
952 3273 988 3328 ob
1006 3272 1060 3327 hoc

72 3353 119 3395 mre
130 3342 172 3397 illi
185 3344 221 3399 sit
235 3344 373 3414 inimicus,
392 3361 477 3414 quere
494 3345 704 3428 picenaticetor
722 3361 782 3427 esse
799 3361 857 3426 non
873 3343 972 3426 possit,
991 3343 1060 3398 ulte-

14 3541 15 3555 ;
73 3424 139 3537 ln
153 3415 1060 3556 {stennonetinentiisesulenesen

813 3571 849 3625 q*
