2422 3952
365 175 440 230 ΟΔΡ.
460 180 564 231 27-29
584 181 599 242 5
617 181 730 233 85-89.
1011 180 1053 244 29

62 318 106 382 die
132 340 171 384 ne
199 318 320 387 Romae
354 318 483 403 quidem
515 341 589 384 eum
619 320 734 404 fuisse3
765 320 799 385 id
829 322 969 388 testibus
1001 345 1053 389 me

61 407 211 490 pollicitus
234 429 306 472 sum
329 406 652 508 planumlecturum,
675 409 781 492 quiet
800 409 881 474 scire
899 409 1053 477 deberent

61 499 240 580 etecusam,
262 507 320 562 cur
343 495 566 580 mentirentur,
588 518 655 562 non
676 497 843 564 haberent.
879 497 929 562 ιιι
948 500 1052 566 edicto

60 587 154 648 sutem
174 606 240 649 non
262 587 321 668 pot
322 584 408 648 uisse
432 585 519 650 bons
536 584 696 669 possideri
714 585 944 672 demonstravi,
967 589 1053 671 quod

58 691 147 755 neque
172 671 345 737 fraudandi
372 693 469 738 cause
496 673 663 738 latitasset
688 695 791 757 neque
819 675 925 740 exsilii
956 697 1054 741 cause

59 760 149 824 solum
166 761 305 825 vertisse
323 760 444 826 diceret
430 765 492 826 t.ur
528 761 701 845 Reliquum
723 765 783 864 est,
805 767 842 827 ut
865 785 939 829 eum
956 785 1051 830 nemo
1071 777 1105 828 87

59 847 159 914 iudicio
178 847 366 914 defenderit
403 848 496 925 Quod
513 853 628 915 contre
645 849 866 935 copiosissime
885 851 1053 918 defensum

59 957 116 1000 esse
140 937 293 1002 contendi
313 959 381 1002 non
403 938 444 1001 sb
467 937 599 1002 homine
621 938 727 1004 alieno
749 951 854 1023 neque
876 940 918 1004 ab
941 941 1052 1026 aliquo

59 1025 339 1092 calumniatores
305 1029 402 1110 etque
424 1025 590 1127 improbo,
621 1026 676 1091 sed
699 1026 740 1092 sb
763 1026 873 1112 equite
896 1027 1052 1113 Romano,

32 1127 49 1166 10
58 1133 222 1198 propinquo
246 1135 285 1178 sc
308 1114 489 1180 necessario
513 1135 581 1197 suo,
605 1135 701 1198 quem
722 1113 808 1266 ipset
816 1113 887 1179 Sex.
909 1081 1052 1182 Naeviui

58 1205 286 1284 procuratorem
308 1202 488 1286 relinquere
507 1206 564 1268 ant
566 1224 604 1268 es
621 1206 821 1304 cpnsuesset·
814 1223 947 1288 ,neque
969 1225 1053 1287 eum,

59 1309 81 1352 ιι
73 1289 238 1355 tribunos
258 1290 442 1374 appellarit,
419 1290 584 1356 tidcirco
603 1290 710 1356 minus
727 1251 845 1356 iudicio
910 1292 939 1357 ti
960 1315 1053 1378 paru·

58 1379 113 1442 tum
142 1378 258 1462 fuisse,
290 1399 394 1462 neque
419 1383 478 1463 pot
464 1379 567 1444 tentis
596 1379 822 1464 procuratoris
877 1381 968 1446 aerio
1002 1381 1052 1446 ius

60 1470 200 1568 ereptpm3
225 1469 341 1532 contre
359 1467 459 1531 istum
476 1468 625 1552 potentis
642 1489 701 1534 sus
719 1472 790 1533 tum
807 1472 936 1534 tentum
954 1469 1051 1535 modo

33 1568 50 1606 1⁵
60 1556 243 1638 superiorem
256 1553 368 1633 fuisse,
383 1576 469 1628 nunc
481 1554 621 1620 nobis
591 1577 644 1621 ιιι
658 1557 840 1641 respirandi
854 1561 1051 1642 potestatem
1061 1607 1104 1672 29

59 1641 128 1708 dure.
179 1641 349 1727 Quaesivi,
385 1664 467 1727 quse
499 1665 596 1708 ceusu
622 1643 753 1727 fuisset,
784 1667 840 1710 cur
871 1646 958 1711 bona
986 1669 1051 1711 non
1071 1682 1105 1734 33

58 1731 217 1815 uenissent,
244 1753 318 1795 cum
341 1753 380 1795 ex
402 1731 506 1796 edicto
471 1695 778 1816 tpossiderentcir.
823 1733 947 1798 Deinde
970 1733 1052 1798 illud

60 1838 168 1903 quoque
185 1817 353 1904 requisivi,
374 1839 438 1902 qus
454 1819 580 1886 ratione
599 1841 638 1884 ex
655 1824 707 1886 tot
725 1818 939 1885 creditoribus
956 1841 1052 1886 nemo

58 1926 144 1990 neque
174 1911 249 1972 tum
279 1906 366 1972 idem
397 1907 512 1972 fecerit
546 1927 650 1992 neque
686 1928 771 1974 nunc
806 1911 921 1972 contre
957 1907 1052 1991 diost,

33 2007 217 2094 spmnesque
245 2017 306 2080 pro
333 1994 367 2060 P
394 1994 522 2097 Quinpt
510 2016 545 2061 ιο
572 1999 730 2082 pugnent,
757 1995 950 2080 praesertim
979 2017 1053 2062 cum

59 2080 87 2146 in
103 2084 159 2148 teli
180 2083 301 2149 iudicio
324 2083 400 2148 test
391 2084 513 2149 imonis
536 2084 730 2149 creditorum
759 2083 985 2150 existimentur
1011 2085 1052 2150 ad

60 2191 114 2235 rem
138 2173 279 2238 maxime
306 2171 476 2274 pertinere
521 2171 642 2238 Postea
667 2193 740 2237 sum
766 2193 845 2238 usus
875 2173 1052 2240 adversarii

60 2259 246 2344 testimonio,
274 2260 330 2344 qui
352 2260 416 2324 sibi
437 2282 512 2324 eum
533 2281 637 2346 nuper
658 2259 760 2325 edidit
745 2261 918 2344 tsocium,
947 2283 1052 2346 quem,

60 2367 111 2428 quo
123 2348 218 2414 modo
232 2369 318 2412 nunc
330 2347 480 2432 intendit,
497 2369 538 2413 ne
552 2349 587 2413 in
604 2349 751 2414 vivorum
770 2349 899 2434 quidem
916 2371 1051 2416 numero

34 2437 116 2500 ²5tour
140 2437 344 2502 demonstret
330 2436 479 2501 ιιιιιιιι.
523 2435 607 2501 llum
633 2437 726 2500 illem
753 2437 975 2504 incredibilem
1005 2460 1052 2504 ce-

61 2521 208 2590 leritatem
245 2545 301 2589 seu
336 2525 445 2609 potius
482 2524 649 2590 audaciam
688 2528 763 2609 prot
748 2525 824 2608 culi3
864 2527 1053 2592 confirmavi

61 2631 172 2678 necesse
191 2634 262 2678 esse
280 2616 339 2678 aut
357 2613 453 2678 biduo
472 2629 542 2678 nco
561 2613 652 2678 milia
665 2635 821 2715 passuum
834 2634 905 2680 esse
919 2613 1053 2680 decursa

62 2705 105 2764 ιιι
128 2699 199 2767 Sex.
226 2699 388 2766 Naevium
414 2701 529 2766 diebus
558 2699 778 2786 compluribus
806 2706 882 2767 ante
914 2703 950 2766 in
981 2721 1053 2785 pos·

61 2789 221 2855 sessionem
233 2789 364 2854 misisse
364 2811 489 2874 ,quam
506 2790 699 2875 postularet,
716 2791 766 2856 uti
785 2812 815 2854 ιι
805 2789 945 2856 liceret
966 2789 1053 2854 bone

35 2879 217 2958 ιιιιοιιιιιιιιι,
239 2876 360 2944 Postea
368 2876 502 2943 recitavi
510 2877 595 2944 edre
580 2881 650 2943 tum
652 2839 755 2962 ,qiiod
766 2881 878 2962 aperte
889 2874 1053 2943 dominum
1072 2896 1106 2946 so

62 2962 91 3027 dc
109 2966 239 3051 praedio
263 2965 390 3030 detrudi
412 2969 551 3050 reteret3
579 2967 613 3030 ιιι
635 2987 699 3050 quo
723 2965 843 3032 constit
844 2965 872 3028 it
829 2963 1053 3030 tNaevium

61 3072 91 3116 ex
109 3055 211 3120 edicto
233 3075 300 3120 non
322 3054 513 3142 possedisse,
536 3075 608 3120 cum
631 3055 840 3120 confiteretur
862 3073 901 3117 ex
921 3052 1053 3138 praedio

61 3140 86 3202 ιι
112 3141 275 3208 detrusum
307 3163 377 3207 esse
409 3139 603 3217 Quinctium.
651 3141 791 3208 Omnino
821 3145 932 3206 sutem
968 3142 1055 3208 bons
1128 3201 1132 3210 ,

62 3249 196 3310 possessa
217 3252 285 3296 non
305 3251 378 3296 esse
400 3231 568 3314 constitui,
599 3230 684 3315 quod
707 3231 867 3295 bonorum
890 3231 1054 3315 possessio

39 3315 298 3400 l⁵spcotetur'non
320 3319 356 3384 in
378 3319 488 3404 eliqua
509 3323 617 3405 perte,
642 3318 697 3384 sed
720 3317 754 3382 in
776 3319 948 3403 universis,
972 3341 1054 3403 quae

64 3406 150 3472 teneri
168 3411 200 3472 et
218 3407 379 3492 possideri
396 3409 531 3493 possint
567 3407 644 3472 Dixi
663 3407 793 3472 domum
807 3405 931 3475 Romae
943 3407 1055 3489 fuisse,

64 3511 113 3574 quo
132 3494 194 3561 iste
214 3515 257 3560 ne
281 3495 455 3582 adspirsrit
483 3495 626 3581 quidem,
654 3514 764 3562 servos
791 3496 988 3580 complures,
1016 3513 1055 3555 ex
