2402 3936
239 176 307 232 ΜΒ.
325 177 353 232 11
385 175 463 233 cnP.
482 181 588 232 cc-ce
607 183 622 244 s
642 184 789 232 rar-raa.
954 179 1018 244 249

48 343 124 407 genus
145 321 274 406 aliquod
295 320 486 387 hominum?
530 319 617 385 Nam
641 324 698 387 aut
719 320 847 404 publice
870 321 1019 389 civitates

46 411 106 474 istos
129 409 262 475 honores
290 407 413 474 habent
440 411 497 473 aut
524 409 571 474 sio
593 409 774 495 generatim
796 409 956 494 homines,
983 416 1021 476 ut

47 504 170 582 autores,
183 502 220 562 ut
233 501 440 581 mercatores,
453 501 491 562 ut
502 496 708 581 navicularii3
728 519 875 563 censores
891 499 1019 582 quidem

47 587 86 669 qui
103 585 198 672 magis
221 607 320 671 quarn
343 585 485 652 aediles?
522 583 572 650 Ob
595 585 808 651 beneficium?
843 585 934 673 Ergo
958 587 1020 652 hoc

31 673 171 760 llatcbere,
202 675 261 740 aba
293 678 327 740 te
358 674 438 739 haec
468 673 573 758 petita
600 695 670 738 erse
698 671 789 762 (nam
818 679 928 760 empta
953 696 1020 740 non

48 762 149 827 audebis
174 759 309 849 dicere);
340 766 374 827 te
397 783 453 826 eos
476 761 690 848 magistratus
713 762 900 829 hominibus
922 764 1020 828 benc-

47 849 100 934 ficii,
126 871 187 916 non
217 851 266 916 rei
295 850 444 936 publicae
474 871 571 916 causa
592 849 801 936 permisisse?
851 850 923 917 Hoc
946 873 1020 916 cum

48 940 95 1002 tute
110 938 236 1024 fateare,
261 939 433 1025 quisquam
457 938 630 1023 dubitabit,
653 939 730 1022 quin
752 943 790 1004 tu
811 940 910 1004 istam
934 940 1021 1025 apud

47 1027 153 1110 populos
176 1027 363 1111 provinciae
384 1026 487 1092 totius
509 1027 665 1092 invidiam
689 1030 787 1110 atque
810 1027 1020 1092 offensionem

27 1133 92 1176 anor
107 1115 289 1181 ambitionis
306 1135 409 1201 neque
426 1115 656 1180 beneficiorum
674 1115 945 1200 collocandorum,
964 1115 1020 1180 sed

48 1203 167 1283 pecuniae
193 1203 414 1270 conciliandae
442 1224 540 1268 causa
569 1203 770 1287 susceperis?
810 1201 925 1287 Itaque
950 1203 1003 1268 illi
1022 1213 1073 1266 138

48 1309 163 1357 censores
193 1293 341 1358 fecerant
371 1291 470 1376 idem,
502 1292 588 1376 quod
618 1291 653 1355 in
683 1295 797 1356 nostra
828 1313 863 1355 re
889 1292 1021 1376 publica

49 1377 126 1443 solent
140 1380 172 1465 ii,
189 1381 246 1465 qui
264 1401 324 1465 per
342 1379 552 1466 largitionem
570 1379 783 1466 magistratus
803 1379 913 1464 adepti
931 1384 1021 1464 sunt3

50 1464 170 1532 dederant
187 1489 332 1554 operam,
352 1471 390 1532 ut
406 1468 455 1532 ita
472 1471 670 1553 potestatem
690 1471 849 1554 gererent,
871 1472 909 1531 ut
927 1469 1020 1533 illam

28 1551 164 1622 ulacmam
185 1555 233 1622 rei
257 1555 430 1622 familiaris
453 1557 628 1640 explerent.
674 1553 726 1622 Sic
749 1577 864 1621 census
888 1556 1021 1622 habitus

51 1646 83 1704 est
102 1645 129 1708 te
149 1648 312 1729 praetore,
340 1648 438 1710 uteo
461 1665 558 1709 consu
579 1644 701 1708 nullius
725 1644 866 1709 civitatis
889 1666 941 1710 res
964 1667 1021 1730 pu·

50 1725 230 1820 blicaposset
250 1731 484 1815 administrari,
505 1753 583 1796 nam
601 1732 850 1816 locupletissimi
868 1733 1022 1815 cuiusque

51 1836 148 1884 censum
173 1824 401 1905 extenuarant,
427 1819 609 1884 tenuissimi
637 1823 801 1884 auxerant.
844 1818 961 1902 Itaque
987 1819 1023 1884 in

50 1904 149 1972 bibatis
170 1908 369 1994 imperandis
392 1912 520 1973 tantum
544 1906 650 1972 oneris
673 1906 763 1991 plebi
785 1906 1022 1991 imponebatur,

30 1996 222 2076 tutellensi
252 1995 399 2061 homines
422 1999 580 2078 tacerent,
606 2016 658 2059 res
680 1994 753 2080 ipsa
773 1994 867 2059 illum
890 2015 1022 2080 censum

51 2081 208 2169 repudiaret,
230 2085 267 2149 id
285 2084 371 2168 quod
388 2084 538 2170 intellegi
554 2082 711 2148 facillime
729 2085 776 2164 [re
794 2083 879 2168 ipsa]
904 2086 1022 2167 potest.
1153 2097 1155 2102 ’

25 2161 110 2234 'Nan
135 2171 168 2238 L.
191 2173 359 2257 Metellus,
396 2172 464 2257 qui,
499 2175 712 2256 posteaquam
745 2193 806 2257 ego
839 2171 1022 2256 inquirendi
1032 2167 1074 2233 56

52 2275 120 2323 ausa
146 2261 179 2325 in
211 2260 357 2328 Siciliam
388 2259 475 2343 veni,
506 2263 640 2344 repente
670 2259 705 2324 L.
732 2259 851 2324 Laetili
883 2260 1024 2325 adventu

51 2340 118 2410 istius
132 2369 195 2415 non
213 2349 312 2414 modo
332 2348 462 2431 amicus,
484 2368 598 2412 verum
617 2347 717 2412 etiam
735 2351 893 2434 cognatus
916 2348 1023 2414 factus

31 2435 94 2514 cest,
117 2435 155 2520 is,
185 2436 274 2521 quod
300 2436 431 2524 videbat
456 2435 553 2500 istius
581 2457 677 2500 censu
705 2437 786 2500 stari
811 2436 901 2500 nullo
927 2437 1024 2503 modo

52 2537 127 2607 posse,
142 2546 214 2590 eum
228 2544 361 2590 censum
375 2523 541 2589 observari
556 2523 662 2605 iussit,
680 2523 736 2607 qui
753 2523 823 2589 viro
841 2523 1023 2589 fortissimo

53 2610 122 2690 atque
140 2612 413 2696 innocentissimo,
437 2609 507 2676 Sex.
521 2611 697 2694 Peducaeo,
718 2616 868 2695 praetore
890 2612 1023 2676 habitus
1139 2621 1142 2627 '

53 2702 119 2762 esset.
153 2699 259 2766 Erant
281 2699 367 2764 enim
389 2702 461 2763 tum
484 2720 631 2764 censores
655 2699 783 2786 legibus
805 2699 885 2765 facti
908 2699 1024 2764 delecti

54 2785 125 2850 auis
137 2788 331 2872 civitatibus,
350 2787 476 2872 quibus,
495 2787 523 2852 si
542 2787 618 2872 quid
637 2788 883 2870 commisissent,
901 2807 1024 2872 poenae
1045 2805 1048 2814 ·

22 2865 149 2954 ⁴stlembus
175 2880 268 2942 erant
295 2876 498 2940 constitutae.
544 2875 590 2939 Te
618 2879 726 2941 autem
755 2880 906 2960 praetore
934 2874 1005 2959 quis
1026 2885 1077 2935 139

22 3001 24 3060 i
54 2976 137 3027 censor
149 2969 203 3030 aut
217 2967 325 3051 legem
338 2969 505 3048 metueret,
520 2986 585 3049 qua
598 2985 665 3028 non
676 2963 856 3046 tenebatur,
871 2961 1025 3046 quoniam

53 3053 150 3116 uectus
180 3054 254 3139 lege
285 3074 351 3117 non
382 3057 465 3136 erat,
498 3056 555 3116 aut
587 3051 896 3116 animadversionem
924 3053 1024 3135 tuam,

22 3147 24 3224 ᾗ
54 3133 139 3224 quiid,
160 3142 244 3225 quod
263 3141 321 3205 abs
343 3145 377 3205 te
401 3145 531 3225 emerat,
554 3138 773 3205 vendidisset?
813 3136 936 3203 Teneat
958 3139 1024 3203 iam

22 3225 24 3300 Ε
54 3237 108 3314 §ene
126 3249 212 3294 meos
233 3232 334 3294 testes
356 3227 522 3312 Metellus,
547 3230 646 3314 cogat
668 3226 750 3291 alios
773 3226 919 3310 laudare,
942 3227 1026 3290 sicut

22 3309 77 3374 {cn
95 3316 196 3382 multis
223 3321 357 3383 conatus
382 3320 445 3400 est3
472 3316 568 3381 modo
591 3315 671 3380 haec
693 3314 806 3397 faciat,
834 3335 915 3398 quae
937 3313 1026 3379 facit.

22 3389 24 3472 i
56 3391 111 3467 Quis
127 3405 207 3470 enim
224 3427 379 3491 nmquam
397 3408 490 3470 tanta
508 3427 529 3469 a
547 3425 709 3488 quoquam
728 3401 933 3487 contumelia,
954 3403 1026 3487 quis

22 3473 24 3502 '
55 3483 123 3553 mu
146 3492 322 3577 ignominia
348 3493 493 3559 adfectus
521 3491 592 3556 est?
638 3489 758 3567 Quinto
786 3511 913 3576 quoque
941 3510 1025 3554 anno

22 3789 24 3812 l

22 3879 23 3892 l
