2392 3944
162 164 228 228 210
462 160 502 216 m
520 160 548 216 o.
563 159 719 216 venenu
738 159 816 240 eon.
835 161 869 216 11.

163 307 316 392 quopiam
344 309 489 371 vestrum
515 306 622 391 potita
645 305 726 388 sint,
751 307 885 389 praetor
908 304 1086 388 improbus,
1110 305 1157 368 cui

162 416 257 460 nemo
288 394 485 460 intercedere
516 393 636 478 possit,
669 392 737 476 det,
770 413 866 476 quom
898 391 991 474 velit,
1022 391 1157 474 iudicem,

163 483 259 548 iudex
275 504 414 567 nequam
437 485 470 547 et
492 481 587 565 lovis,
610 480 696 564 quod
718 483 850 565 praetor
872 479 1018 562 iusserit,
1040 479 1158 544 iudicet.

112 589 145 638 ol
165 569 200 636 Si
219 593 296 637 vero
319 571 401 635 illud
423 591 551 654 quoque
574 569 715 652 accedet,
736 572 774 633 ut
796 571 929 652 praetor
951 567 987 633 in
1009 589 1047 632 ea
1068 568 1160 633 verba

164 660 315 725 iudicium
340 658 407 741 det,
429 662 466 722 ut
488 658 540 722 vel
563 656 599 724 L.
618 655 772 723 Octavius
794 655 920 720 Balbus
943 654 1047 740 index,
1068 656 1180 720 homos

164 753 199 813 et
219 747 299 811 iuris
322 750 356 810 et
378 745 478 811 officii
499 745 730 830 peritissimum
754 765 822 809 non
843 743 949 828 possit
971 743 1068 808 aliter
1088 743 1160 806 iudi-

164 857 250 918 care,
278 834 306 898 si
332 832 485 899 iudicium
512 834 556 898 sit
583 833 651 898 eius
677 831 778 897 modia
805 830 840 898 L.
859 829 1037 897 Ocunvms
1059 849 1159 896 monn

164 939 262 988 asso.
293 919 329 986 SI
342 939 454 986 Penne
469 939 616 987 nonnum
630 919 855 1003 Oenomaum,
874 936 944 995 Quo
959 937 1008 984 nn
1027 936 1160 1001 Aemus,

163 1028 309 1075 nn1unn
324 1010 513 1087 annmu
525 1009 560 1073 P.
573 1007 716 1074 Senum
730 1025 823 1091 ussa,
841 1024 959 1085 mooun
979 1023 1011 1072 Is
1030 1025 1159 1072 munus

164 1097 200 1174 Q.
215 1097 358 1165 Onunno
377 1115 635 1164 anenmumua:
657 1118 724 1162 nou
746 1117 875 1160 necesse
898 1095 960 1159 erit
982 1094 1019 1172 L„
1034 1094 1189 1161 Octavios

163 1187 261 1252 iudici
279 1208 395 1272 cogere
412 1185 448 1250 P.
462 1185 635 1251 Servilium
653 1183 689 1260 Q.
704 1182 822 1249 Catulo
839 1183 975 1248 fundum
997 1185 1159 1248 restituero

164 1280 221 1339 aut
239 1275 453 1340 condemnare
470 1296 553 1358 eum,
577 1293 672 1356 quem
689 1293 756 1337 non
773 1271 946 1355 oporteat?
979 1270 1061 1336 Eius
1083 1271 1158 1336 modi

163 1366 272 1427 totum
289 1363 339 1427 ius
358 1362 565 1446 praetorium,
590 1359 745 1442 [eiusdem
763 1360 864 1440 modi]
883 1359 989 1424 omnis
1012 1382 1065 1424 res
1088 1359 1159 1424 iudi-

164 1449 263 1515 ciaria
296 1450 357 1514 luit
387 1450 422 1512 in
449 1447 559 1514 Sicilia
590 1469 648 1532 per
679 1447 856 1512 triennium
878 1447 981 1512 Verre
1008 1452 1157 1534 praetore

164 1537 233 1600 eius
251 1537 338 1601 modi
357 1536 497 1601 decreta:
521 1534 653 1602 S1non
675 1552 818 1618 eccum,
841 1552 937 1613 onon
962 1553 1006 1600 us
1029 1553 1188 1600 nanneno

163 1641 268 1710 mom,
294 1641 460 1708 Accusns3
488 1641 519 1690 s1
545 1642 661 1708 nsum,
687 1639 810 1689 nuces.
856 1621 891 1688 O.
912 1623 1073 1690 Fuficium
1096 1623 1158 1688 duci

163 1713 260 1777 iussit
290 1712 478 1797 petitorem,
507 1712 543 1776 L.
571 1709 731 1795 Suetium,
762 1711 797 1775 L.
825 1710 994 1776 Racilium.
1045 1711 1160 1776 Iudicia

164 1802 232 1866 eius
260 1802 360 1866 modi:
387 1801 444 1884 qui
470 1800 556 1866 cives
578 1800 719 1865 Romani
742 1802 848 1882 erant,
876 1799 904 1862 si
926 1796 1028 1864 Siculi
1050 1803 1158 1880 esseut
1192 1881 1193 1888 ἵ

163 1912 236 1955 cum
255 1888 380 1956 Siculos
399 1911 510 1955 eorum
533 1889 661 1974 legibus
684 1887 754 1952 dari
777 1889 955 1971 oporteret3
979 1888 1035 1971 qui
1057 1887 1159 1968 Siculi,
1192 1901 1193 1905 ’

110 1984 146 2033 ³2
165 1978 194 2042 si
216 1979 301 2042 cives
324 1977 463 2042 Romani
486 1981 601 2042 essent.
641 1974 764 2041 Verum
786 1979 823 2040 ut
845 1978 952 2040 totum
976 1997 1078 2060 genus
1101 1978 1189 2045 amu

162 2065 351 2148 plectemini
376 2063 580 2146 indiciorum,
611 2064 702 2149 prins
728 2062 800 2128 iura
826 2060 1023 2148 Siculorum,
1054 2063 1159 2128 deinde
1191 2133 1192 2138 η

162 2152 258 2215 istius
281 2151 433 2216 instituta
456 2151 651 2236 cognoscite.

112 2241 154 2304 13
230 2235 329 2302 Siculi
348 2237 410 2303 hoc
427 2238 495 2302 iure
515 2243 599 2322 sunt,
621 2243 668 2324 ut,
690 2239 775 2324 quod
793 2239 873 2304 civis
892 2260 964 2303 oum
987 2239 1056 2305 cive
1080 2243 1159 2325 agat,

163 2325 251 2390 domi
282 2329 384 2390 certet
416 2325 482 2392 suis
514 2326 655 2412 legibus,
688 2327 773 2412 quod
801 2325 926 2392 Siculus
956 2349 1031 2391 cum
1057 2325 1159 2393 Siculo

162 2434 229 2478 non
250 2413 394 2478 eiusdem
416 2414 571 2498 civitatis,
594 2420 631 2480 ut
654 2415 693 2480 de
716 2435 754 2480 eo
776 2419 908 2500 praetor
930 2415 1051 2480 iudices
1074 2438 1114 2479 cx
1131 2415 1159 2478 P.

161 2501 274 2587 Rupili
292 2502 428 2587 decreto,
452 2502 584 2587 quodie
603 2503 641 2567 de
666 2503 774 2568 decem
796 2504 981 2588 legatorum
1005 2504 1159 2568 sententie
1184 2536 1191 2582 ε

163 2591 292 2674 statuit,
320 2613 416 2675 quom
444 2591 494 2655 illi
521 2592 629 2677 legem
650 2591 817 2675 Rupiliam
839 2597 968 2675 vocant,
998 2591 1159 2670 sortiatm3

164 2680 248 2764 quod
275 2680 422 2765 privatus
450 2702 470 2743 a
492 2679 613 2764 populo
636 2679 720 2763 petit
742 2683 800 2744 aut
821 2680 961 2764 populus
985 2681 1158 2765 aptivam,

163 2772 295 2834 senatus
324 2789 362 2832 ex
389 2767 500 2854 aliqua
526 2767 671 2850 civitate,
704 2767 759 2851 qui
786 2767 918 2850 iudicet,
953 2767 1060 2851 datur,
1093 2788 1158 2832 oum
1190 2837 1191 2856 χ

163 2857 308 2922 alternae
335 2855 483 2920 civitates
511 2855 648 2920 reiectae
672 2860 761 2938 sunt3
789 2855 873 2938 quod
897 2855 976 2920 civis
999 2851 1190 2940 Romanae

163 2967 183 3008 a
205 2942 312 3009 Siculo
335 2944 432 3029 petit,
459 2940 585 3008 Siculus
608 2943 702 3008 iudex
727 2943 863 3025 [datur],
886 2942 973 3026 quod
996 2941 1158 3008 Siculusa

163 3031 225 3094 civi
246 3031 408 3114 Romano,
431 3031 509 3095 civis
532 3031 697 3095 Romanus
721 3032 829 3114 datur3
852 3035 1033 3096 ceterarum
1056 3053 1157 3096 rerum
1189 3043 1190 3108 j

124 3139 134 3148 -
164 3118 274 3182 selecti
300 3119 421 3184 iudices
449 3141 488 3183 ex
515 3122 675 3184 conventu
702 3119 819 3184 civium
846 3119 1067 3186 Romanorum
1093 3141 1158 3204 pro
1189 3131 1190 3196 j

162 3203 240 3288 poni
272 3207 385 3270 solent.
430 3207 521 3286 Inter¹
548 3211 692 3270 aratores
721 3211 753 3270 et
781 3206 973 3273 decumanos
1002 3209 1074 3294 lege
1099 3208 1157 3271 fru-
1189 3199 1190 3282 f

162 3291 335 3373 monteria,
363 3314 460 3376 quam
486 3292 695 3359 Hieronicam
723 3294 903 3379 appellant,
930 3295 1050 3361 iudicia
1073 3297 1189 3390 liuntsl¹

111 3379 145 3428 ³3
162 3375 252 3440 Haec
279 3379 387 3447 omnia
409 3380 474 3444 isto
497 3385 648 3465 praetore
669 3402 735 3446 non
758 3382 854 3448 modo
877 3384 1081 3469 perturbata,
1107 3382 1156 3448 sed
1188 3397 1189 3455 l

162 3460 259 3545 plane
282 3466 316 3525 et
334 3461 449 3528 Siculis
473 3471 507 3530 et
529 3468 653 3533 civibus
673 3468 830 3535 Romanis
854 3475 968 3556 erepta
990 3477 1079 3554 sunt;
1099 3471 1156 3556 pri·
