2402 3936
173 145 239 210 302
468 143 508 198 m
527 143 556 198 0.
574 142 730 199 VERREM
748 143 827 198 ACT.
844 143 881 198 Π.

174 289 264 371 dare,
290 309 331 352 ne
356 287 442 352 ferte
469 287 512 352 ab
539 290 698 352 nocturno
727 307 786 352 auo
812 285 952 370 quaestu
974 286 1115 354 amnium
1135 287 1172 352 ad

122 390 154 440 79
173 376 349 462 vectigalia
361 375 547 441 redimenda
560 374 763 440 transferret.
792 373 1007 440 Transactum
1019 375 1173 460 putabant

173 463 399 547 Herbitenses,
427 485 499 528 cum
526 462 602 527 iste:
635 461 767 537 ‘Quid‘r
795 462 839 526 de
865 461 1035 546 hordeo',
1066 464 1174 546 inquit,

175 553 228 618 ‘et
255 553 298 617 de
320 551 492 634 Docimo,
524 551 690 616 amiculo
721 571 818 634 meo,
845 551 937 636 quid
960 549 1173 636 cegitatisl’

174 641 284 725 Atque
301 640 365 705 hcc
386 639 507 724 egebat
528 639 564 704 in
586 639 743 720 eubiculo,
765 638 898 723 iudices,
919 643 1019 722 atque
1040 639 1077 704 in
1099 640 1175 704 lecto

176 751 243 794 sno.
290 726 466 812 Negabant
498 727 549 791 illi
580 728 753 812 quiequam
785 727 850 792 sibi
881 748 954 792 esse
984 727 1176 795 mandatum

176 816 277 881 ‘Non
311 814 438 898 andi03
472 819 671 881 numerate
702 813 764 880 HS
794 813 868 878 ffa'
922 813 1007 889 Quid
1041 816 1176 882 facerent

175 904 287 968 miseri
309 907 366 968 aut
389 903 467 987 quid
488 905 697 969 recusarent?
729 904 924 987 praesertim
947 925 1022 968 cum
1042 903 1176 970 inlecto

176 993 370 1056 decumanae
393 991 539 1056 mulieris
561 991 701 1076 vestgia
723 991 871 1057 viderent
892 991 1045 1074 recentia,
1069 991 1176 1076 quibus

175 1080 270 1145 illum
286 1079 484 1145 inflammari
501 1079 543 1144 ad
560 1079 831 1162 &uenerandum
847 1079 1097 1164 intellegebant.
1133 1077 1177 1142 lu

176 1169 291 1234 civitas
320 1191 385 1233 una
413 1167 574 1233 sociorum
602 1171 700 1250 a'tque
727 1167 906 1232 amicorum
933 1167 1063 1234 duabus
1084 1168 1177 1233 deter-

175 1257 268 1321 rimis
291 1256 489 1322 mulierculis
507 1252 609 1320 Verre
631 1258 783 1339 praetore
804 1255 978 1340 vectigalis
1000 1255 1075 1322 fuit.

243 1347 351 1427 Atque
383 1365 445 1428 ego
476 1365 562 1408 nunc
589 1365 662 1408 eum
689 1342 845 1408 frumenti
871 1365 1044 1410 numerum
1071 1348 1107 1408 et
1131 1361 1176 1406 eas

176 1431 328 1516 pecunias
359 1431 489 1515 publice
520 1431 706 1496 decumanis
738 1432 779 1495 ab
808 1429 1062 1498 Herbitensibus
1095 1431 1175 1494 datas

176 1541 247 1583 esse
266 1518 351 1600 dieo;
374 1540 438 1600 quo
456 1518 509 1582 illi
525 1518 689 1584 innuente
710 1521 745 1582 et
767 1519 884 1603 quibus
907 1520 1055 1604 pecuniis
1078 1524 1176 1584 tamen

177 1606 218 1671 ab
245 1606 496 1674 decumanorum
522 1606 650 1672 iniuriis
676 1606 763 1672 eires
784 1628 861 1670 suos
884 1628 951 1674 uon
972 1608 1175 1674 redemerunt

177 1694 317 1759 Perdit
288 1693 435 1760 rsenim
465 1694 533 1760 iam
564 1699 599 1760 et
628 1694 762 1777 direptis
790 1697 958 1762 aratorum
985 1695 1081 1768 benis
1108 1695 1175 1758 haec

178 1782 362 1848 decumanis
394 1803 517 1848 merces
549 1781 700 1865 dabatur,
730 1786 769 1848 ut
800 1783 977 1866 aliquando
1009 1804 1047 1847 ex
1076 1802 1174 1848 eorum

125 1884 159 1934 80
178 1872 266 1958 agris
289 1875 386 1956 atque
409 1893 448 1936 ex
470 1870 607 1936 urbibus
630 1833 767 1938 abiient.
805 1869 923 1954 Itaque
945 1893 1021 1936 cum
1038 1863 1185 1939 Philinusl

176 1959 392 2042 Herbitensis,
410 1959 509 2024 homo
528 1957 668 2024 disertus
686 1962 720 2022 et
738 1957 879 2043 prudens
898 1962 932 2022 et
950 1959 1040 2024 domi
1056 1955 1184 2034 nobilis,

177 2048 216 2111 de
244 2047 431 2111 calamitate
459 2049 626 2111 aratorum
649 2049 683 2110 et
705 1982 760 2110 dep
765 2045 846 2132 fuga
868 2050 902 2110 et
926 2045 964 2110 de
987 2047 1174 2131 reliquorum

176 2133 341 2219 paucitate
377 2133 506 2217 publice
539 2133 986 2217 diceret,animadvertist1s
1020 2136 1184 2221 gemitum,

176 2220 311 2304 iudices,
338 2221 451 2306 populi
473 2221 626 2303 Romani,
653 2221 744 2288 cuius
768 2221 960 2318 frequentia
974 2223 1051 2288 huie
1073 2239 1174 2290 causac

176 2329 354 2463 {rumqgiam
388 2308 499 2375 detuit
549 2307 620 2384 Qua
653 2309 693 2374 de
725 2310 890 2394 paucitate
922 2290 1091 2376 uiatorem
1121 2307 1173 2374 alio

191 2417 249 2462 oco
306 2418 386 2462 eam.

125 2491 168 2556 35
243 2483 338 2550 Nune
355 2485 447 2569 illud,
469 2484 556 2569 quod
574 2486 737 2571 praeterii,
760 2506 828 2550 non
850 2486 984 2552 omnino
1006 2487 1182 2572 relinquen

178 2573 254 2638 dum
285 2572 421 2638 videtur.
466 2570 566 2658 Nam,
594 2595 652 2658 per
680 2573 756 2640 deos
783 2573 1003 2642 immortales!
1035 2571 1182 2673 quodde

178 2661 285 2747 capite
297 2661 361 2724 iste
377 2659 526 2745 dempsit,
546 2683 609 2744 quc
627 2660 759 2728 tandem
778 2662 874 2734 modo
893 2663 987 2727 vobis
1006 2683 1074 2729 non
1091 2637 1182 2726 modo

124 2762 158 2811 81
177 2749 359 2832 ferendum,
390 2769 503 2812 verum
535 2749 634 2814 etiam
666 2748 859 2814 audiendum
890 2750 1042 2816 videtur?
1095 2749 1173 2814 Unus

178 2838 282 2902 adhue
295 2799 359 2900 fuii
371 2839 448 2920 post
461 2835 601 2902 Romam
615 2835 777 2903 conditam
792 2835 840 2920 (di
853 2837 1058 2903 immortales
1074 2779 1181 2917 feriati

175 2948 217 2990 ne
241 2925 285 2990 sit
308 2926 428 3008 alteri),
453 2923 504 2989 cui
526 2945 579 2989 res
601 2925 734 3010 pubhea
755 2927 860 2990 totam
884 2947 919 2990 ee
941 2927 1088 2992 truderet
1108 2930 1173 2988 tem·

177 3013 311 3096 poribus
344 3016 377 3078 et
409 3011 505 3077 malis
537 3016 650 3078 coacta
682 3013 818 3079 domest
794 3014 882 3098 treis,
911 3013 948 3079 L.
973 3011 1077 3080 Sulla.
1122 3009 1171 3076 Hic

177 3102 308 3164 tantum
331 3099 452 3185 potuit,
473 3103 512 3163 ut
533 3121 628 3166 nemo
651 3101 711 3166 illo
733 3101 838 3167 invito
860 3123 920 3168 nec
941 3102 1030 3168 bona
1052 3124 1109 3168 nec
1128 3117 1172 3198 pu

178 3185 278 3252 triam
295 3209 354 3252 nec
372 3187 475 3254 vitam
493 3188 633 3253 retinere
651 3179 777 3273 posset,
800 3193 930 3255 tantum
949 3190 1050 3254 animi
1072 3183 1179 3255 habuit

179 3274 220 3336 ad
234 3273 411 3358 audaciam,
429 3281 466 3340 ut
482 3275 613 3342 dicere
603 3298 639 3342 m
657 3277 808 3343 contione
824 3299 891 3342 non
908 3277 1083 3362 dubitaret,
1100 3279 1173 3341 bom

178 3359 297 3422 civium
319 3361 542 3428 Romanorum
569 3385 642 3430 cum
665 3365 831 3448 venderet,
859 3387 893 3430 se
915 3366 1072 3450 praedam
1093 3381 1169 3430 suam

177 3443 322 3507 ve.ndere
359 3446 439 3511 Elius
453 3470 564 3516 omues
583 3472 634 3516 res
654 3457 765 3536 gestas
782 3473 850 3517 non
868 3453 973 3518 solum
992 3453 1168 3530 obtinemus,
