2386 3938
306 124 381 182 ose.
401 131 506 182 so-se
524 132 540 192 e
560 132 706 182 111-111.
972 129 1013 194 79

36 289 85 332 nor
108 289 179 334 saue
204 271 242 334 ut
262 269 399 338 moleste
420 269 505 336 ferre
527 269 706 336 sdrmeerii
730 271 881 356 debeant,
907 295 1013 358 neque

36 358 62 418 ut
79 376 108 420 ee
127 355 271 440 petentis
293 357 438 441 superori
459 361 585 443 putent.
628 357 720 435 om
743 358 832 424 domi
854 362 996 446 goeends
1015 383 1067 432 111

36 446 103 527 sort,
132 465 168 513 eu
192 466 250 528 per
277 443 451 512 Oseeilium
477 446 716 531 transiguntur,
746 445 811 512 fori
841 447 1014 534 iudiciique

35 530 165 598 tutionem
195 533 245 602 M.
268 531 436 617 Messalla,
466 537 505 600 ut
531 534 661 618 videtis,
692 534 827 619 iudices,
858 536 1014 622 suscepit,

225 624 1013 796 11

80 755 87 771 ·
350 758 360 793 r

35 797 70 858 est
90 798 172 864 uetes
194 800 228 862 et
251 797 366 882 pudor,
395 797 451 882 qui
473 802 569 866 ornet
590 801 747 882 1111111111,
774 821 904 866 eausam
932 801 1014 866 mihi

35 883 151 968 tredidit,
178 906 276 969 quem
298 905 358 954 sus
379 907 478 952 111111
499 909 614 972 eupere
643 909 681 952 se
703 887 817 952 debere
843 889 1014 976 intellege·

36 967 84 1052 but,
106 971 170 1056 ipse
196 972 402 1058 assiduitate,
429 974 579 1058 oonsilio,
606 975 813 1060 auetoritste,
843 976 1014 1060 diligentis

18 1057 145 1142 eperleeit,
162 1063 199 1126 ut
213 1058 287 1128 Sex.
300 1059 398 1128 Rosei
411 1061 481 1128 vite
498 1065 611 1146 erepte.
628 1063 668 1127 de
687 1063 836 1128 menibus
851 1068 1014 1130 sectorum

35 1148 170 1212 sententiis
198 1147 342 1216 iudicum
374 1149 626 1234 permitteretur.
675 1149 852 1236 Nimirum,
884 1151 1015 1236 iudices,

34 1253 75 1314 pre
99 1235 153 1302 hee
182 1237 360 1305 nobilitate
391 1259 467 1321 pers
494 1238 637 1304 murima
669 1238 811 1304 trinitatis
848 1239 883 1304 in
914 1240 1013 1306 ermis

34 1319 87 1406 fuit,
104 1323 178 1392 haee
200 1328 278 1390 sete
299 1346 351 1390 res
374 1329 434 1409 est,
456 1330 494 1391 ut
516 1325 541 1390 ii
561 1325 688 1392 nobiles
710 1326 958 1393 restituerentur
979 1328 1014 1392 in

35 1409 179 1498 civitatem,
214 1412 273 1498 qui
304 1413 366 1479 hoe
392 1412 549 1497 fecerent,
581 1414 667 1498 quod
692 1413 798 1480 faeere
824 1415 1014 1482 Messallam

18 1496 128 1582 nudetis,
150 1501 205 1586 qui
229 1504 330 1584 ceput
351 1501 532 1568 inuoemtis
555 1501 772 1586 defenderent,
797 1503 854 1588 qui
875 1504 1014 1569 iniuriae

36 1585 204 1672 ruisterent,
233 1588 304 1674 qui,
331 1593 488 1673 quantum
516 1594 663 1674 possent,
691 1590 727 1655 in
748 1592 855 1656 sslute
878 1592 1013 1658 ulterius

36 1693 104 1753 quem
131 1676 166 1742 in
197 1677 302 1742 exitio
331 1677 470 1744 mellent
496 1677 677 1762 ostender03
709 1679 796 1762 quod
828 1680 857 1743 si
891 1700 1014 1762 omnes,

35 1760 72 1840 qui
88 1764 190 1830 eodem
212 1766 289 1832 loeo
311 1765 383 1832 usti
405 1768 493 1848 suut,
514 1764 667 1849 fecerent,
690 1769 724 1830 et
745 1787 796 1830 res
818 1766 953 1849 publiea
975 1787 1014 1830 ex

35 1846 81 1914 illis
98 1855 127 1916 et
146 1853 211 1938 ipsi
235 1875 275 1918 ex
298 1852 420 1920 invidie
439 1853 547 1919 minus
570 1853 768 1918 laborarent.

18 1953 28 1996 1
78 1936 187 2006 Verum
206 1941 236 2006 si
257 1962 277 2005 e
298 1938 520 2026 Chrysogono,
537 1940 670 2025 iudices,
689 1961 757 2006 non
773 1941 996 2025 impetremus,
1023 1919 1067 1984 52

35 2027 59 2085 ut
76 2029 199 2109 pecunie
225 2031 342 2094 nostre
368 2031 539 2094 eontentus
567 2029 624 2113 sit,
653 2029 756 2094 vitam
782 2051 823 2094 ne
851 2033 959 2114 pem,
985 1997 1067 2094 sileo

35 2107 72 2174 ille
89 2115 193 2184 edduei
215 2137 285 2184 non
306 2119 428 2200 potest,
448 2121 495 2200 ut,
517 2139 590 2183 eum
611 2117 767 2183 ademerit
784 2117 880 2182 nobis
894 2117 1014 2202 ommia,

36 2218 92 2280 quse
113 2208 226 2272 nostre
253 2208 349 2272 eruit
377 2205 525 2290 propriu,
552 2225 594 2270 ne
625 2205 730 2272 lucem
762 2227 889 2291 quoque
919 2205 1015 2289 hune,

35 2305 92 2367 quse
109 2293 289 2363 'eommunis
312 2296 372 2376 est,
393 2293 517 2377 eripere
538 2291 658 2377 eupint,
681 2293 709 2358 si
728 2314 795 2359 non
813 2293 894 2359 estis
912 2294 1014 2359 habet

18 2380 175 2448 serentium
199 2403 295 2448 susm
314 2381 450 2464 penuriis
467 2380 605 2464 explere,
626 2381 691 2446 nisi
709 2381 810 2446 etism
829 2381 1014 2448 crudelitati

37 2468 135 2550 lsiguis
156 2467 326 2554 praebitus
349 2469 406 2554 sit,
435 2491 535 2534 unum
563 2467 760 2555 perfugium,
786 2469 922 2553 iudiees,
948 2489 1016 2535 uns

37 2556 227 2640 speresque
250 2559 300 2622 est
322 2553 393 2622 Sex.
410 2555 539 2640 Roscio,
561 2555 673 2622 eudem
691 2579 773 2642 quse
790 2557 840 2622 rei
856 2557 1015 2641 publieee,

36 2643 116 2708 vesus
151 2644 295 2728 pristinu
333 2643 464 2711 bonitus
506 2647 540 2710 et
574 2643 802 2710 misericordia.
860 2642 1015 2720 Quaeri

36 2733 125 2813 nme,
141 2732 226 2798 salvi
249 2731 347 2798 etium
368 2753 453 2798 nune
476 2751 546 2796 esse
568 2752 754 2816 possumus3
773 2733 823 2798 sin
846 2753 885 2796 eu
906 2728 1014 2796 erude-

18 2808 101 2899 tliles,
127 2840 210 2903 quse
237 2819 300 2886 hoe
325 2823 471 2904 tempore
499 2819 535 2884 in
565 2840 601 2884 re
632 2818 763 2904 publiea
793 2822 924 2886 versute
955 2820 1015 2900 est,

36 2905 130 2970 vestros
156 2928 285 2991 quoque
318 2907 442 2972 animos
474 2905 521 2991 (id
540 2906 638 2991 ·quod
668 2908 740 2972 fieri
770 2905 916 2992 profecto
948 2925 1016 2969 non

36 2991 129 3080 uus)
157 2994 304 3062 duriores
341 2995 585 3079 eeerbioresque
620 2994 773 3078 reddidit,
810 2995 918 3057 ectum
955 2995 1014 3077 est,

37 3075 139 3170 odisee,
163 3082 252 3149 iuter
276 3082 363 3148 ierus
391 3082 494 3150 setius
522 3086 572 3148 est
601 3085 743 3148 oetatem
771 3081 886 3166 degere
915 3101 1014 3164 quem

38 3179 59 3222 1³
78 3165 132 3234 lise
158 3174 254 3236 tante
283 3171 486 3238 immunitate
518 3169 650 3236 uersari.
699 3169 752 3234 Ad
783 3189 896 3234 eumue
927 3190 995 3234 rem
1017 3186 1066 3236 151

18 3259 77 3313 sue
93 3257 244 3325 reservati
267 3259 355 3342 estis,
377 3259 419 3324 td
440 3279 554 3325 eumne
575 3279 645 3323 rem
663 3256 790 3341 delesti,
812 3259 850 3321 ut
867 3277 923 3322 eos
942 3277 1015 3322 een-

40 3331 215 3428 temeretis,
251 3366 332 3430 quos
367 3350 509 3412 seniores
545 3368 583 3412 se
619 3345 728 3410 eleusii
764 3344 913 3432 iugulere
947 3364 1016 3408 non

40 3427 212 3500 lttuissent?
272 3430 386 3500 Solent
425 3434 488 3500 hoe
527 3433 605 3499 beni
644 3434 857 3518 imperotores
899 3431 1016 3510 fecere,
