2386 3938
351 191 427 246 cnr.
447 196 516 246 e-s
534 196 550 257 ς
569 197 681 246 rr-aa.
959 191 1022 255 129

51 333 152 416 quidem
178 334 238 398 tibi
261 335 427 420 eripietur,
454 335 510 400 sed
531 353 591 400 nos
614 355 680 399 non
701 333 885 399 tenebimus
905 334 1023 399 indicia

50 421 157 505 diutins3
177 421 294 486 etenim
317 423 390 506 quis
411 423 535 506 poterit
555 421 658 487 Verre
681 421 832 487 absoluto
856 422 896 487 de
918 426 1024 487 trans

49 509 160 574 ferendis
180 510 305 576 iudiciis
328 509 510 576 reeusare‘l’
555 509 638 576 Erat
661 510 811 575 omnibus
834 510 1023 593 molestum3
1077 517 1084 538 ⁸

49 617 126 680 neque
149 619 201 662 eos
227 602 297 664 tarn
323 599 418 662 istius
445 598 586 663 hominis
612 597 732 684 perditi
759 598 869 664 subita
895 598 1074 663 laetitiam

31 707 121 766 squam
132 685 269 751 hominis
283 687 477 771 amplissimi
489 707 576 752 nora
593 686 771 772 gratulatio
790 687 1022 752 commovebat.

47 770 194 856 tupiebam
229 773 435 840 dissimulare
465 795 518 839 me
548 775 582 840 id
613 775 750 840 moleste
784 775 883 858 terre,
918 775 1024 860 cupie-

48 859 102 923 bam
133 863 229 928 animi
266 863 410 928 dolorem
445 863 539 928 vultu
574 867 685 947 tegere
726 858 760 928 et
798 863 1022 928 taciturnitate

47 949 133 1014 celare.

91 1035 164 1103 Ecce
184 1042 295 1104 autem
317 1039 384 1104 illis
405 1039 487 1123 ipsis
511 1039 633 1124 diebus,
656 1060 729 1104 cum
752 1043 918 1124 praetores
942 1040 1023 1106 desi-

22 1126 115 1208 ugnuti
138 1127 332 1192 sortirentur
359 1132 392 1192 et
417 1125 460 1201 Μ.
487 1125 621 1192 Metello
649 1127 836 1214 obtigisset,
863 1122 901 1192 ut
926 1128 955 1191 is
983 1128 1023 1192 de

47 1213 159 1292 pecuniis
181 1215 370 1299 repetundis
393 1219 577 1299 quaereret,
599 1215 770 1280 nuntiatur
791 1215 873 1278 mihi
894 1219 1023 1281 tantam

46 1299 84 1362 isti
102 1303 350 1386 gratulationem
373 1325 443 1368 esse
464 1303 600 1386 factam,
630 1307 668 1367 ut
689 1302 717 1367 is
741 1303 872 1368 domum
894 1323 1023 1388 quoque

46 1409 134 1469 pueros
155 1392 316 1474 mitteret,
341 1392 397 1475 qui
418 1391 513 1456 uxori
535 1411 612 1456 suae
633 1392 830 1456 nuntiarent.
875 1389 960 1456 Sane
981 1413 1023 1456 ne
1040 1404 1075 1456 tt

46 1473 103 1541 haec
122 1479 247 1561 quidem
275 1500 327 1543 res
355 1479 436 1544 mihi
464 1479 629 1563 placebat,
655 1500 758 1564 neque
786 1485 901 1563 mmm,
928 1483 1023 1546 tanto

23 1582 117 1646 cupre
141 1567 216 1650 qnid
243 1567 280 1630 in
305 1567 367 1632 bac
395 1571 483 1632 sorte
510 1567 716 1632 metuendum
744 1567 825 1631 mihi
852 1572 949 1652 esset,
976 1568 1023 1632 in-

47 1652 221 1738 tellegebam.
259 1652 368 1719 Unum
390 1655 472 1719 illud
495 1675 534 1719 ex
555 1654 741 1719 bominibus
764 1656 870 1739 certis,
892 1677 931 1720 ex
954 1657 1023 1738 qui-

47 1737 88 1802 bus
106 1743 207 1807 omnia
230 1743 382 1827 comperi,
404 1743 612 1826 reperiebam,
634 1743 731 1806 fiscos
749 1744 931 1826 complures
950 1763 1023 1806 cum

47 1831 151 1907 pecunia
185 1829 348 1896 Siciliensi
386 1852 406 1894 a
441 1830 581 1915 quodam
618 1834 766 1894 senatore
803 1828 845 1893 ad
881 1829 1023 1912 equitem

46 1911 196 1983 Romanum
225 1940 297 1984 esse
322 1918 514 2002 translatos3
541 1939 580 1983 ex
608 1916 661 1981 hie
689 1916 782 2000 quasi
804 1915 835 1980 X
857 1916 952 1981 fiscos
982 1917 1023 1981 ad

19 2009 198 2071 ‘uenerem
234 2007 330 2070 illum
366 2005 498 2070 relictos
534 2027 605 2070 esse
640 2004 846 2070 comitiorum
876 2025 1023 2069 meorum

46 2093 158 2177 nemina
191 2095 349 2160 divisores
377 2094 521 2160 omnium
548 2093 693 2158 tribuum
719 2096 818 2158 noctu
849 2091 891 2158 ad
921 2093 1022 2158 istum

47 2185 156 2248 vocatos.
192 2182 245 2248 Ex
268 2181 385 2265 quibus
407 2183 547 2266 quidam,
570 2182 626 2265 qui
648 2203 682 2246 se
706 2181 814 2246 omnia
834 2203 906 2246 mea
924 2203 1023 2247 causa
1040 2193 1074 2243 ra

47 2265 134 2334 debere
160 2271 398 2353 arbitrabatur,
429 2271 540 2334 eadem
567 2270 627 2334 illa
653 2273 747 2334 noete
775 2270 816 2334 ad
842 2291 893 2334 me
921 2271 1022 2353 venit,

47 2351 232 2443 demonstrat,
261 2381 325 2442 qua
350 2353 413 2422 iste
436 2357 582 2423 oratione
604 2378 682 2423 usus
706 2360 805 2441 esset3
832 2379 1023 2425 commemo-

16 2443 111 2508 'tnese
133 2447 247 2531 istum,
279 2467 376 2531 quam
403 2445 583 2511 liberaliter
610 2465 665 2510 eos
692 2443 867 2510 tractasset
894 2451 929 2512 et
956 2447 1023 2512 iam

48 2535 125 2617 ntea,
145 2557 218 2600 cnm
241 2535 311 2618 ipse
332 2537 519 2618 praeturam
541 2533 687 2618 petisset,
709 2535 743 2597 et
764 2534 930 2618 proxumis
951 2555 1023 2599 eon·

48 2619 179 2704 maribus
201 2622 438 2707 praetoriisque
461 2620 615 2704 comitiis3
642 2620 756 2686 deinde
778 2622 930 2686 continuo
953 2643 1023 2685 esse

47 2706 209 2795 policitam,
228 2714 384 2795 quantam
401 2706 524 2774 vellent
541 2709 719 2798 pecuniam,
740 2707 838 2773 sime
857 2708 1023 2775 aedilitate

48 2791 216 2863 ldedssent.
262 2799 325 2863 Hic
352 2797 434 2863 alios
460 2817 598 2884 negasse
625 2796 755 2880 audere,
783 2797 865 2862 alios
893 2817 1024 2878 respon·

16 2873 109 2947 *ediec
135 2907 200 2951 non
231 2889 347 2971 putare
375 2885 409 2949 id
440 2885 550 2969 perfici
580 2906 689 2969 posse;
719 2885 887 2948 inventum
913 2885 1025 2948 tamen

49 2987 97 3034 esee
122 2973 240 3048 ,fortem
271 2974 410 3039 amioum
441 2993 480 3036 ex
512 2972 623 3039 eadem
653 2971 792 3055 familie,
823 2968 860 3044 tl.
887 2967 1024 3036 Verrem

49 3051 170 3145 Romilia,
194 3083 232 3127 ex
254 3062 379 3146 optima
402 3060 577 3126 divisorum
600 3059 779 3144 disciplina,
800 3056 905 3142 patris
928 3058 1023 3126 istius

49 3141 212 3232 discipulum
234 3153 332 3234 atque
354 3149 501 3232 amioum,
524 3150 580 3233 qui
602 3145 657 3214 HS
682 3145 867 3232 quingentis
891 3146 1024 3213 milibus

49 3228 175 3315 depositis
198 3237 230 3302 id
253 3259 288 3303 se
310 3237 527 3322 perfecturum
544 3236 761 3321 polliceretur,
785 3237 817 3298 et
835 3233 935 3299 fluisse
954 3237 1025 3299 tum

16 3323 95 3384 'anon
115 3325 232 3409 nullos,
260 3326 316 3410 qui
339 3346 374 3390 se
395 3346 460 3390 una
480 3323 625 3389 factmos
648 3343 718 3388 esse
742 3321 891 3389 dicerent.
936 3320 1025 3396 Quae

50 3423 101 3472 tun
123 3412 168 3477 ita
195 3416 314 3498 essent,
342 3433 419 3478 sane
446 3412 596 3477 benivolo
620 3411 728 3476 animo
754 3432 819 3493 me,
846 3414 883 3475 ut
905 3429 1025 3495 magno

51 3511 122 3576 opere
142 3521 298 3585 carerem,
320 3500 561 3585 praemonebat.

87 3606 133 3651 oio.
144 3612 175 3652 11.
189 3617 206 3656 1.
796 3603 811 3651 9
