2422 3952
169 154 191 218 2
434 151 505 207 PRO
524 152 555 214 P.
574 150 746 218 cuniculo
765 150 909 206 onemo.

167 298 277 363 nullos
299 296 484 381 facultates,
506 295 641 381 exiguae
664 294 842 360 amicorum
864 293 976 378 copiae
997 298 1086 379 sunt,
1112 319 1185 362 cum

127 405 149 454 u
169 385 353 451 edversario
373 383 617 471 gratiosissimo·
630 382 813 448 contendat.
839 380 927 446 Illud
940 404 1070 468 quoque
1085 385 1199 468 nobis,

169 473 292 540 accedit
304 472 553 555 incommodum,
571 470 658 556 quod
670 469 714 535 M.
728 468 849 554 Iunius,
867 469 923 553 qui
940 469 1027 536 hunc
1042 487 1199 549 oausam,

169 559 202 628 0.
223 563 349 645 Aquili,
378 553 574 644 aliquotiens
601 558 688 643 opud
708 560 742 622 te
765 557 847 642 egit,
867 557 967 623 homo
990 561 1025 623 et
1047 559 1085 624 in
1109 560 1185 626 eliis

168 649 274 714 causis
295 648 488 715 exercitatus
507 651 540 711 et
557 646 592 712 in
609 645 672 712 hec
690 645 829 711 multum
847 648 880 709 et
898 666 996 730 scope
1020 651 1199 732 versutus!

167 737 230 802 hoc
247 740 394 822 tempore
413 735 506 800 obest
522 756 609 800 novo
626 733 790 820 legatione
807 733 993 820 impeditus,
1015 738 1050 800 et
1068 735 1115 800 ed
1135 759 1185 800 me

168 827 302 888 ventum
325 826 390 907 oet,
416 822 472 907 qui
494 826 532 887 ut
555 844 682 887 summu
703 821 862 887 haberem
880 825 998 906 cetero,
1019 825 1184 908 temporis

168 910 298 993 quidem
316 914 402 976 certe
419 910 475 976 vix
492 910 574 976 setis
591 909 702 992 hebui,
723 912 761 976 ut
779 929 848 977 rem
870 913 1009 993 tuntum,
1031 914 1086 976 tot
1099 933 1184 982 ‚oon-

132 998 336 1066 4troversiis
358 997 574 1084 implicatam,
597 1017 728 1082 possem
751 1017 953 1083 cognoscere.
997 995 1066 1081 Itu,
1094 1000 1185 1083 quod

169 1086 250 1152 mihi
277 1086 444 1152 consuevit
470 1086 506 1152 in
532 1084 647 1151 ceteris
675 1085 781 1150 causis
809 1106 879 1151 esse
911 1085 1118 1170 adiumento,
1150 1088 1200 1151 id]

169 1196 296 1259 quoque
310 1175 344 1240 in
357 1175 419 1240 hec
439 1195 537 1240 ceusu
555 1168 670 1238 deficit.
701 1167 798 1255 Num,
817 1172 1027 1257 quodminus
1046 1173 1182 1261 ingenio
1200 1198 1201 1253 ι

168 1283 314 1347 possum,
347 1262 527 1327 subsidium
558 1260 639 1326 mihi
666 1259 836 1346 diligentia
863 1261 1065 1346 comparavi3
1098 1261 1201 1346 quae

170 1353 292 1434 quantu
324 1349 380 1434 ιιι,
410 1350 475 1414 nisi
502 1353 631 1434 tempus
658 1352 691 1414 et
722 1348 865 1434 spatium
897 1347 1010 1414 dutum
1040 1349 1103 1434 sit,
1137 1353 1182 1415 in·

168 1437 282 1523 tellegi
308 1458 375 1502 uon
401 1439 519 1523 potest.
551 1435 641 1512 Quen
668 1457 733 1521 quo
758 1434 855 1521 pluro
881 1439 971 1520 sunt,
999 1435 1033 1503 0.
1055 1435 1182 1521 Aquili,

168 1545 206 1589 eo
229 1529 263 1590 te
286 1527 319 1590 et
340 1524 411 1608 hos,
434 1523 489 1608 qni
510 1522 574 1588 tibi
594 1523 630 1588 in
651 1524 786 1590 consilio
808 1527 893 1607 sunt,
914 1525 1051 1592 meliore
1069 1531 1202 1624 montel

167 1616 281 1677 nostre
303 1611 403 1676 verbu
426 1611 536 1676 audire
559 1612 737 1696 oportebit,
763 1615 802 1676 ut
823 1612 936 1676 multis
964 1611 1182 1679 incommodi
1201 1629 1202 1666 l

167 1700 288 1765 veritus
321 1699 492 1766 debilitato
521 1697 656 1764 taudem
687 1700 851 1783 aequitate
881 1700 998 1765 talium
1030 1701 1182 1768 virorum

132 1805 149 1856 o
168 1791 337 1856 recreetur.
383 1785 506 1864 Quodsi
527 1789 565 1853 tu
586 1787 682 1853 iudex
703 1788 794 1854 nullo
817 1787 979 1874 praesidio
1001 1788 1104 1854 fuisse
1136 1791 1182 1856 vi·

168 1878 283 1944 debere
306 1880 421 1944 contre
438 1877 505 1944 vim
523 1879 557 1944 et
574 1875 717 1962 gretiam
736 1874 904 1944 solitudini
922 1880 1020 1961 utque
1037 1877 1181 1962 inopiae,

89 2027 91 2034 ,
169 1966 197 2030 ιι
210 1965 297 2050 opud
309 1965 372 2030 hoo
389 1965 561 2030 consilium
579 1985 619 2028 ex
636 1963 761 2049 opibus,
778 1983 846 2029 uon
863 1985 902 2028 ex
920 1965 1059 2030 venitote
1077 1970 1203 2066 oeusul

167 2054 333 2154 pendetur,
346 2051 492 2138 profecto
505 2050 589 2116 nihil
603 2055 654 2116 est
666 2051 732 2118 iem
746 2055 894 2118 sunctum
908 2055 1006 2136 etque
1015 2053 1180 2119 sincerum
1202 2067 1203 2070 ’

167 2161 203 2204 m
216 2140 357 2222 civitate,
373 2139 466 2223 nihil,
485 2139 571 2224 quod
583 2137 804 2204 humilitatem
821 2139 1010 2227 cuiusquam
1029 2142 1180 2228 gravitas

168 2230 203 2292 et
224 2227 328 2292 virtus
346 2225 460 2292 iudicis
480 2226 675 2294 consoletur.
710 2225 805 2296 Certo
824 2232 881 2294 eut
899 2229 985 2314 opud
1001 2233 1036 2294 to
1054 2229 1180 2314 ethos,

169 2314 224 2399 qui
241 2312 304 2379 tibi
321 2314 448 2398 adsunt,
466 2314 588 2380 veritus
606 2315 730 2381 uelebit
747 2319 805 2381 eut
822 2337 862 2380 ex
879 2315 942 2382 hoc
957 2317 1030 2383 loco
1043 2319 1180 2403 repulse

50 2445 53 2452 -
167 2402 201 2466 vi
223 2405 257 2467 et
315 2402 383 2467 otiu
400 2403 516 2487 locum,
538 2403 595 2469 ubi
614 2403 780 2488 consistet,
802 2404 943 2490 reperire
960 2427 1027 2470 uon
1044 2407 1203 2490 poterits

126 2494 150 2560 2
288 2510 387 2556 oneo
406 2491 485 2575 dico,
504 2488 538 2556 Ο.
552 2489 674 2577 Aquili,
692 2513 756 2576 quo
775 2491 857 2556 mihi
869 2492 979 2558 veniet
993 2493 1179 2560 indubium

167 2580 225 2643 tuo
246 2578 326 2643 fides
349 2582 382 2643 et
404 2579 597 2663 constantie,
619 2583 677 2644 aut
700 2601 763 2665 quo
785 2601 851 2644 non
872 2580 907 2644 in
928 2580 990 2664 his,
1012 2601 1095 2666 quos
1114 2583 1178 2647 tibi

168 2666 346 2752 advocasti,
379 2667 460 2732 uiris
497 2667 682 2733 lectissimis
715 2667 857 2733 civitatis
890 2689 981 2753 spem
1014 2691 1178 2735 summum

133 2754 288 2824 thebeus
310 2753 346 2820 P.
364 2753 531 2830 Quinctius
555 2755 679 2821 debent.
716 2754 799 2830 Quid
822 2775 900 2842 ergo
923 2757 995 2822 est?
1028 2753 1177 2824 Primum

167 2843 356 2928 magnitudo
387 2843 524 2930 periculi
555 2865 682 2909 summo
711 2843 829 2908 timore
860 2845 1025 2910 hominem
1062 2846 1203 2930 efficite

168 2931 253 3014 quod
275 2953 339 2997 uno
361 2931 478 2998 iudicio
502 2931 541 2996 de
562 2931 703 2997 fortunis
726 2931 876 2997 omnibus
899 2931 1056 3017 decernit,
1078 2933 1177 3018 idque

167 3019 244 3086 dum
270 3020 409 3106 cogitet,
439 3039 506 3085 non
531 3020 639 3084 minus
667 3039 763 3106 saepe
789 3019 821 3084 oi
848 3021 936 3085 venit
965 3021 1001 3085 in
1032 3027 1177 3087 mentem

166 3108 341 3189 potestatis
356 3127 453 3191 quem
468 3107 642 3192 eequitctis
655 3111 740 3186 tuce,
757 3109 1036 3194 proptereuquod
1054 3131 1177 3193 omnes,

168 3213 304 3276 quonum
326 3195 361 3259 in
379 3195 514 3260 olten'us
532 3217 630 3262 msnu
648 3196 718 3260 vite
733 3196 844 3280 posito
862 3200 921 3280 est,
944 3198 1074 3283 saepius
1092 3198 1177 3264 illud

167 3281 326 3366 cogitent,
349 3283 426 3367 quid
447 3282 612 3368 possitis,
635 3283 724 3350 cuins
746 3282 781 3348 ιιι
803 3283 927 3350 dicione
950 3307 987 3350 eo
1008 3290 1203 3371 potestates

132 3387 148 3437 ι
168 3372 252 3450 sunt,
271 3387 368 3452 quem
387 3370 465 3452 quid
482 3371 599 3435 debeat
614 3371 729 3438 fecero.
765 3371 889 3438 Deinde
906 3371 1008 3438 hobet
1026 3374 1175 3440 sdversa-

166 3455 251 3522 rium
264 3453 299 3520 P.
314 3454 481 3530 Quinctius
500 3459 598 3528 verbo
617 3457 688 3524 Sex.
707 3457 875 3544 Naevium,
893 3481 927 3525 re
944 3483 1024 3526 veru
1041 3462 1176 3528 huiusce
