2470 3930
166 140 233 207 496
467 139 508 194 IN
526 139 555 196 O.
570 138 725 196 vultum
742 139 821 195 AUP.
840 139 875 194 11.

166 284 336 369 acceperit,
356 286 395 350 ut
411 284 574 368 expilatae
595 283 791 368 provinciae,
810 282 923 352 veruti
945 283 1035 367 socii,
1057 284 1092 350 di
1113 287 1177 351 im-

165 373 323 439 mortales
359 372 506 458 spoliati,
542 372 628 438 cives
659 371 801 438 Romani
834 371 969 438 cruciati
1000 376 1035 437 et
1065 375 1177 440 ncesti

165 461 286 545 inpune
317 483 369 526 me
401 465 511 526 ectore
542 481 614 526 esse
645 459 838 526 riderentur?
874 463 990 544 potero
1022 482 1085 547 ego
1112 463 1178 530 hoc

166 570 248 614 onus
292 552 422 614 tentum
467 553 525 616 eut
565 548 601 612 in
642 547 706 613 hoc
749 547 867 614 iudicio
913 547 1073 632 deponere
1116 557 1178 616 eut

165 638 286 704 teritus
320 637 501 703 sustinere?
549 633 627 702 Non
657 635 813 722 agitendn
843 655 896 702 res
928 637 1005 719 erit,
1039 659 1111 703 non
1141 640 1203 703 ins

166 726 308 791 medium
333 723 540 810 proferende,
564 745 632 790 non
657 724 773 809 populi
792 723 935 789 Romeni
960 724 1043 790 fides
1070 726 1177 810 inplo-

165 813 277 897 rsnde,
297 833 365 878 non
382 835 505 896 omnes,
526 812 582 898 qui
599 815 694 878 tento
716 831 753 878 se
774 811 895 878 scelere
916 811 1175 900 obstrinxerunt,

167 905 205 966 ut
228 904 285 966 eut
306 900 405 966 fidem
426 923 520 967 suem
542 900 706 985 corrumpi
727 903 917 986 peterentur
939 904 998 967 eut
1019 901 1174 968 iudicium

167 993 424 1074 corrumperent,
458 989 494 1054 in
529 988 702 1054 discrimen
737 992 795 1054 eut
828 987 983 1054 iudicium
1015 991 1173 1055 vocandi?

116 1089 167 1140 180
186 1077 327 1153 Quaeret
349 1077 467 1162 ediquis
489 1076 644 1142 fortasse:
671 1075 870 1142 ‘Tantumne
892 1076 995 1162 igitur
1016 1077 1171 1162 laborem,
1186 1096 1211 1136 ¹⁰

167 1169 277 1232 tentes
296 1165 483 1230 inimicitius
501 1167 554 1230 tot
571 1164 741 1230 hominum
761 1167 969 1249 suscepturus
992 1165 1060 1231 esi’
1095 1165 1172 1234 Non

168 1254 275 1320 studio
299 1253 429 1338 quidem
450 1253 581 1319 hercule
603 1253 673 1318 ulio
695 1273 800 1337 neque
821 1252 1004 1336 voluntetm
1028 1253 1083 1318 sed
1105 1275 1173 1320 non

166 1342 253 1408 idem
272 1342 350 1407 licet
366 1341 456 1426 mihi,
480 1341 566 1426 quod
583 1339 636 1424 iis,
657 1341 713 1425 qui
729 1340 834 1406 nobili
854 1361 972 1424 genere
992 1342 1066 1408 neti
1087 1348 1174 1427 sunt,

167 1430 286 1513 quibus
313 1430 423 1495 omnis
448 1429 562 1512 popuii
587 1428 728 1494 Romani
754 1428 910 1494 beneficis
936 1428 1173 1496 dormientibus

167 1516 368 1601 deferuntur3
399 1517 497 1602 longe
529 1516 595 1583 elie
622 1517 704 1582 mibi
729 1517 803 1602 lege
827 1516 865 1582 in
891 1515 953 1582 hec
979 1518 1111 1584 civitate
1138 1525 1173 1584 et
1186 1535 1209 1576 ιε

167 1605 354 1672 condicione
380 1605 553 1670 vivendum
580 1608 640 1670 est.
679 1603 779 1670 Venit
803 1603 885 1670 mihi
906 1605 941 1668 in
963 1611 1108 1672 mentem
1128 1606 1173 1672 M.

167 1691 316 1776 Catonis,
342 1693 483 1760 hominis
512 1692 743 1778 sapientissimi
769 1696 804 1758 et
829 1691 1089 1778 vigilantissimi,
1116 1696 1172 1779 qui

167 1803 240 1848 curn
259 1803 294 1846 sc
314 1781 446 1865 virtute,
466 1802 533 1848 non
554 1801 681 1867 genere,
702 1781 825 1866 populo
842 1780 990 1848 Romano
1012 1803 1171 1848 commen

168 1869 238 1935 deri
268 1872 413 1954 putaret,
445 1890 519 1934 cum
548 1867 619 1953 ipsc
649 1869 703 1934 sui
734 1868 861 1954 generis
892 1869 1023 1935 initium
1052 1893 1090 1936 ec
1116 1893 1170 1937 ne

167 1957 263 2024 minis
291 1957 333 2023 eb
357 1979 392 2023 se
415 1957 508 2043 gigni
528 1959 563 2022 et
584 1957 761 2042 propagari
781 1957 895 2041 vellet,
921 1957 1090 2024 hominurn
1113 1975 1207 2044 po-eo

166 2045 425 2112 tentissimorum
437 2043 578 2129 suscepit
591 2044 779 2112 inimicitiae
790 2049 824 2111 et
837 2044 988 2112 maximis
1001 2045 1170 2112 laboribus

116 2134 1170 2321 101³3¹ut⁹q332u⁵tff²²cttustt⁰tttt:effuttire

166 2312 263 2374 nutus
286 2328 395 2373 nonne
417 2307 566 2392 plurimrs
588 2308 768 2375 inimicitiis
790 2309 1004 2394 maximisque
1028 2310 1096 2376 suis
1117 2333 1170 2397 pe·

166 2395 277 2462 riculis
297 2417 334 2462 ec
351 2395 519 2462 laboribus
538 2396 756 2481 amplissimos
775 2396 914 2462 honores
938 2401 988 2462 est
1011 2398 1168 2484 adeptus?
1181 2415 1203 2456 ¹⁵

165 2483 264 2551 Modo
291 2482 327 2550 0.
348 2483 541 2568 Fimbriam,
567 2482 602 2551 Ο.
624 2483 776 2569 Marium,
803 2482 839 2550 O.
857 2483 1004 2552 Oeelium
1030 2487 1168 2552 vidimus

165 2593 232 2638 non
261 2570 476 2638 mediocribus
503 2571 681 2640 inimicitiis
708 2594 745 2638 ec
772 2572 941 2638 laboribus
967 2576 1167 2658 contendere,

165 2664 203 2726 ut
234 2660 276 2726 sd
307 2660 389 2726 istos
420 2659 561 2725 honores
592 2660 811 2745 pervenirent,
843 2661 885 2727 ed
914 2683 997 2746 quos
1027 2683 1167 2748 vesper

165 2747 278 2814 ludum
299 2752 334 2813 et
356 2769 414 2833 per
434 2748 676 2834 neglegentium
698 2748 923 2833 pervenistis·
944 2748 1038 2816 Haec
1059 2751 1168 2817 eedem

166 2841 216 2902 est
233 2840 365 2904 nostrae
383 2835 520 2902 rationis
537 2836 629 2922 regio
647 2839 681 2901 et
698 2836 760 2919 vie,
782 2835 900 2904 horum
917 2859 978 2904 nos
1000 2837 1168 2904 hominum
1180 2853 1204 2895 ³⁰

114 2923 154 2988 71
166 2928 289 2992 sectum
308 2927 405 3008 etque
423 2923 576 2990 institute
593 2923 826 3009 persequimur.
861 2924 1027 3010 Videmus,
1048 2931 1169 3010 quente

166 3014 210 3079 eit
227 3013 263 3080 in
279 3012 402 3078 invidie
419 3015 605 3097 quantoque
623 3012 658 3078 in
676 3011 749 3078 odio
768 3012 856 3097 epud
873 3013 1032 3097 quosdam
1048 3015 1167 3080 nobilis

164 3101 312 3168 homines
344 3121 503 3166 novorum
533 3099 702 3173 hominum
732 3099 838 3166 virtus
870 3104 904 3166 et
935 3101 1111 3187 industrim
1139 3103 1167 3167 si

164 3190 331 3254 tantulum
349 3188 460 3254 oculos
483 3187 700 3271 deiecerimus,
721 3192 853 3273 praesto
877 3211 947 3256 esse
969 3189 1119 3278 insidies;
1141 3191 1169 3256 si
1216 3251 1217 3272 ,

165 3276 269 3344 ullum
295 3276 403 3342 locum
420 3275 646 3360 operuerim
670 3276 846 3361 suspicioni
868 3281 926 3344 eut
947 3278 1091 3364 crimini,
1118 3293 1199 3346 ec³⁵

166 3361 348 3444 cipiendum
375 3363 489 3430 stetim
515 3364 631 3430 volnus
655 3385 739 3449 esse,
764 3387 893 3450 semper
913 3366 1010 3432 nobis
1032 3367 1165 3454 vigilen-

113 3456 164 3506 182
183 3447 269 3528 dum,
292 3467 417 3531 semper
435 3450 650 3522 laborandum
671 3452 826 3520 videmus.
866 3453 1063 3522 Inimicitiae
1084 3459 1167 3536 sunb
1215 3501 1216 3512 ¹
