2386 3938
124 155 167 220 78
300 153 373 210 PRO
393 151 470 208 SEX.
488 150 618 208 sosolo
636 151 807 208 memo
824 151 970 206 ORA'l'IO.

122 303 181 366 tua
205 297 295 366 iaetu
321 300 410 380 sunt,
436 296 555 362 ideireo
581 294 668 361 hune
685 295 775 362 illius
796 295 902 362 ‘filium
926 296 1040 364 studes
1063 317 1137 380 per·

124 387 207 471 dere,
229 407 335 455 nonne
349 384 493 452 ostendis
515 384 549 450 id
566 387 600 448 te
618 383 732 468 vereri,
755 384 842 468 quod
859 387 991 468 praeter
1010 387 1138 450 eeteros

123 479 161 540 tu
173 478 317 542 metuere
329 495 397 540 non
410 473 538 557 debeas,
549 493 590 536 ne
604 471 733 555 quaudo
748 471 861 536 liberis
875 471 1138 556 proscriptorum

123 564 210 630 bona
231 561 339 648 patria
361 560 557 626 residentum?

71 661 122 709 146
188 649 282 716 Facis
317 649 483 731 iniuriam,
519 646 743 734 Chrysogono,
783 649 812 714 si
848 649 1007 714 maiorem
1043 671 1176 732 spems

123 737 296 823 emptionis
310 741 386 801 tuae
399 736 434 800 in
451 736 548 801 huius
567 735 665 801 exitio
683 735 779 819 ponis
798 758 896 820 quam
913 735 949 805 in
966 735 1009 802 iis
1029 737 1141 822 rebus,

124 848 203 910 quas
226 824 261 890 L.
289 821 382 890 Sulla
409 823 520 910 gessit.
575 822 697 900 Quodsi
726 823 789 890 tibi
821 845 920 891 eausa
950 824 1046 890 nulla
1079 829 1140 908 est,

123 935 179 983 cur
201 913 287 978 hune
310 913 464 980 mserum
482 915 576 977 tauta
593 911 782 978 calamitate
799 912 893 978 adfini
910 912 1005 996 uelis,
1027 913 1058 978 si
1077 913 1140 980 tibi

123 1001 232 1066 omnia
255 1022 314 1066 sua
332 1004 462 1085 praeter
484 1000 626 1066 animam
648 999 786 1065 tradidit
801 1021 861 1066 nee
879 999 943 1065 sibi
961 999 1140 1085 quiequam

123 1093 295 1174 paternum
325 1110 367 1154 ne
393 1087 594 1156 monumenti
626 1087 756 1172 quidem
788 1109 885 1154 eausa
917 1089 1005 1155 clam
1036 1111 1177 1154 resen-a

123 1177 222 1330 vetuit,
244 1198 302 1261 per
319 1176 397 1332 {gups
415 1176 626 1330 ifmmoptales,
646 1197 733 1276 puae
754 1176 937 1330 istatustaaipta
957 1176 1140 1341 &rudelitas

567 1286 601 1328 m
656 1285 672 1328 s
1129 1301 1142 1314 ·

123 1287 363 1438 {heimqhieaedo
386 1285 736 1434 filiprpmmneppirippe
743 1285 816 1437 qiiis
838 1352 948 1436 pirata
969 1286 1042 1418 thuni
1065 1287 1141 1419 ξε-

123 1441 237 1524 barus,
277 1444 327 1524 ut,
367 1461 440 1506 eum
480 1441 645 1526 integram
679 1441 835 1525 praedam
870 1440 940 1506 siue
978 1442 1142 1526 sanguiue

72 1537 123 1587 14⁷
141 1528 262 1593 habere
280 1531 402 1610 posset,
424 1531 558 1592 eruente
576 1527 683 1611 spolia
700 1526 872 1598 detrahere
893 1528 1033 1594 mullet?
1067 1527 1140 1595 Scis
1153 1557 1175 1594 u

122 1616 208 1682 huno
239 1613 322 1680 nihil
353 1615 487 1700 habere,
519 1614 603 1680 nihil
639 1615 770 1698 audere,
800 1615 883 1682 nihil
909 1638 1021 1702 posse,
1052 1617 1141 1683 nihil

122 1725 277 1788 umquam
322 1705 436 1770 eontra
479 1724 549 1769 rem
592 1707 684 1770 tuam
724 1704 900 1789 cogitasse,
945 1707 980 1772 et
1024 1709 1142 1772 tamen

124 1813 390 1878 oppugnantem,
408 1812 503 1876 quem
521 1812 624 1874 neque
642 1794 786 1857 metuere
804 1795 898 1876 potes
910 1813 1016 1877 neque
1029 1793 1143 1860 odisse

123 1880 221 1947 debes
238 1901 299 1948 nee
317 1880 489 1966 quiequam
506 1879 573 1946 iam
590 1879 710 1945 hebere
732 1879 850 1964 reliqui
873 1880 973 1965 vides,
996 1881 1089 1966 quod
1112 1883 1142 1947 ei

123 1967 293 2035 detrahere
328 1968 450 2053 possis3
488 1967 552 2034 nisi
587 1965 650 2032 hoe
685 1967 855 2052 indignum
895 1973 1007 2053 putas,
1049 1971 1177 2054 quoda

122 2057 279 2122 vestitum
302 2056 412 2120 sedere
429 2055 465 2120 in
481 2055 599 2120 iudieio
617 2054 716 2139 vides,
739 2077 835 2140 quem
854 2061 891 2122 tu
905 2079 922 2122 e
935 2058 1142 2140 patrimonio

123 2147 291 2226 tamquam
318 2163 336 2206 e
362 2141 534 2227 naufrago
561 2143 683 2208 nudum
713 2143 874 2228 expulisti.
924 2144 1025 2220 Quasi
1057 2169 1142 2212 vero

122 2230 247 2296 nescias
279 2227 365 2297 hune
397 2233 431 2294 et
462 2229 508 2294 ali
539 2233 573 2295 et
603 2231 718 2297 vestiri
744 2253 764 2297 a
790 2229 933 2298 Caecilia
958 2231 1142 2314 [Baleariai

122 2317 201 2401 filia,
222 2315 359 2400 Nepotis
383 2320 518 2403 sorore],
540 2319 780 2402 spectatissima
801 2319 933 2406 femina,
956 2342 1039 2406 quae
1061 2345 1142 2388 oum

122 2407 251 2489 patrem
280 2404 509 2490 clarissimum,
542 2407 760 2490 amplissimos
787 2411 936 2493 patruos,
967 2411 1177 2476 ornatissis

123 2515 212 2558 mum
226 2493 363 2594 tratrem
376 2493 521 2578 haberet,
539 2499 750 2596 tamen-oum
765 2499 851 2597 esset
869 2497 995 2580 mulier,
1013 2498 1142 2566 virtute

121 2580 951 2824 stifft&ttffittlttt:tttttls
958 2585 1141 2740 sttttz

69 2778 297 2886 51reete.
421 2846 453 2860 ..
715 2846 722 2860 .
822 2847 1032 2864 .....

139 2845 264 3002 fath
284 2845 582 3000 stetisset
598 2845 793 3018 dtitlj’
809 2848 1177 3021 efesus*

121 3018 274 3105 hospitiis
293 3025 326 3086 et
352 3021 460 3108 matie
477 3022 601 3087 vellent
618 3043 730 3088 omues
753 3021 830 3088 huie
850 3023 999 3106 hospites
1023 3025 1141 3092 adesse

123 3109 158 3169 et
183 3107 338 3174 auderent
365 3109 467 3174 libere
495 3108 679 3196 defendere,
711 3109 794 3176 sutis
824 3111 953 3196 eopiosa
986 3111 1140 3178 defende-

121 3195 227 3280 retum
262 3193 314 3260 sin
352 3199 462 3261 autem
497 3218 558 3280 pro
590 3197 814 3284 magnitudine
844 3198 982 3264 iniuriae
1012 3223 1140 3285 proque

122 3301 170 3363 eo,
192 3279 279 3365 quod
302 3303 428 3347 summa
447 3303 499 3349 res
518 3283 649 3367 publiea
666 3285 702 3350 in
718 3284 814 3350 huius
832 3285 979 3369 periculo
997 3291 1140 3372 tempta·
1152 3313 1177 3354 ss

121 3370 196 3467 turp
225 3365 305 3466 haee
341 3389 452 3433 omnes
488 3371 703 3456 vindicarent,
742 3373 920 3439 consistere
952 3375 1139 3442 mehercule

121 3453 307 3519 vob1s1sto
334 3453 369 3518 in
395 3455 468 3520 loeo
495 3479 561 3524 nou
589 3458 709 3525 lioeret
754 3459 849 3526 Nune
871 3462 920 3528 ita
942 3461 1140 3547 defenditur,
