2422 3952
389 156 466 212 CAP.
486 163 554 212 1-3
574 161 588 222 ἓ
608 162 685 211 2-8.
1001 159 1045 223 35

46 299 181 384 nomino,
214 301 338 366 duobus
366 302 499 366 milibus
525 323 695 368 nummum
723 322 792 368 sese
821 301 898 368 dicit
928 299 1044 366 emisse

47 387 221 454 adulescens
260 389 313 454 vel
348 389 596 474 potentissimus
632 390 694 456 hoc
730 393 878 475 tompore
911 395 1043 456 nostrae

46 476 184 560 civitatis,
198 477 232 543 L.
247 475 416 544 Cornelius
431 475 672 564 Chrysogonus.
703 477 736 542 Is
756 501 777 542 a
793 477 896 561 vobis,
914 478 1046 562 iudices,

45 563 97 630 hoc
123 566 284 650 postulat,
310 570 361 650 ut,
389 567 541 652 quoniam
564 567 599 632 in
621 567 759 632 ahenam
782 567 953 652 pecuniam
974 570 1044 631 tam

26 653 163 736 splenem
178 654 492 739 atquepraeclaram
505 656 596 720 nullo
610 655 679 720 iure
693 655 859 738 invaserit,
878 655 1046 740 quoniam-

46 762 96 823 que
118 742 147 806 ai
169 743 327 827 pecuniae
348 743 418 808 rita
437 741 507 808 Sex.
525 742 624 809 Rosci
647 744 777 809 obstare
797 747 895 829 atque
914 743 1043 809 officere

46 828 194 915 videatur,
223 831 357 896 deleatis
385 854 423 896 ex
452 831 560 898 animo
585 854 642 897 suo
673 832 887 917 suspicionem
915 853 1044 898 omnem

46 921 219 1002 metumque
242 918 384 1003 tollatis;
412 941 482 985 sese
504 920 567 985 hoc
588 921 743 987 incolumi
770 943 836 987 non
863 921 1045 986 arbitratur

45 1005 127 1072 huius
143 1007 327 1072 innocentis
341 1008 574 1093 patrimonium
587 1012 657 1073 tam
672 1010 818 1093 amplum
830 1013 863 1074 et
877 1010 1045 1094 copiosum

19 1115 36 1152 u
45 1115 129 1177 posse
143 1095 302 1180 obtinere,
321 1096 474 1161 damnato
490 1101 523 1161 et
537 1097 639 1162 eiecto
653 1101 764 1181 sperat
783 1119 817 1162 se
835 1118 940 1181 posse,
959 1097 1046 1181 quod

46 1182 168 1268 adeptus
194 1187 245 1248 est
267 1205 325 1268 por
347 1185 464 1264 scelus,
493 1185 527 1248 id
549 1207 607 1270 per
629 1185 790 1250 luxuriam
815 1185 975 1250 effimdere
999 1189 1047 1249 at

47 1293 97 1353 que
117 1293 315 1350 consumere.
360 1271 456 1338 Hunc
478 1273 541 1337 sibi
565 1295 604 1338 ex
627 1273 735 1339 animo
763 1274 961 1358 scrupulum,
990 1273 1046 1357 qui

47 1379 73 1422 se
99 1359 164 1426 dies
198 1363 375 1444 noctesque
407 1361 556 1426 stimulat
589 1383 625 1427 ac
656 1361 787 1448 pungit,
818 1365 855 1426 ut
887 1362 1045 1446 evellatis,

46 1449 193 1533 postulat,
225 1452 264 1512 ut
295 1449 336 1514 ad
367 1448 451 1514 hauc
469 1471 576 1544 ,suam
607 1449 762 1535 praedam
788 1453 858 1516 tam
885 1449 1044 1516 nefariam

20 1535 198 1602 uadiutores
221 1558 281 1601 vos
303 1537 530 1622 profiteamini.

123 1622 157 1690 si
179 1625 274 1690 vobis
298 1646 402 1709 aequa
424 1628 456 1690 ct
478 1625 617 1691 honesta
638 1627 819 1710 postulatio
839 1629 976 1711 videtur,
998 1628 1080 1692 iu-'l

49 1711 134 1797 dices,
167 1734 230 1800 ego
264 1718 377 1779 contra
406 1714 538 1779 brevem
568 1715 823 1798 postulationem
856 1715 966 1780 adfero
1003 1720 1045 1798 et,

50 1821 101 1882 quo
122 1801 218 1867 modo
243 1801 324 1866 mihi
345 1802 534 1887 persuadeo,
557 1803 724 1887 aliquanto
747 1802 940 1887 aequiorem.
976 1803 1044 1866 Pri·
1062 1814 1083 1876 3

49 1911 124 1954 mum
137 1913 157 1956 a
170 1888 386 1976 Chrysogono
401 1895 487 1976 peto,
505 1895 542 1955 ut
555 1891 692 1976 pecunia
704 1890 909 1973 fortunisque
922 1890 1045 1954 nostris

22 1981 207 2044 scortentus
232 1978 284 2058 sit,
308 1978 499 2064 sanguinem
522 1983 556 2044 at
577 1979 679 2044 vitam
701 1999 742 2044 ne
764 1982 870 2062 petat3
894 1977 1007 2043 deinde
1026 2002 1046 2043 a

49 2066 136 2151 vobis,
158 2065 291 2150 iudices,
313 2071 351 2132 ut
375 2067 543 2133 audacium
568 2068 680 2134 sceleri
703 2067 874 2150 resistatis,
896 2066 1046 2132 innocen-

49 2153 117 2220 tium
139 2155 362 2223 calamitatem
384 2155 498 2220 levetis
523 2159 555 2220 et
578 2157 613 2220 in
634 2178 732 2222 causa
755 2154 825 2221 Sex.
843 2155 941 2222 Rosci
963 2156 1044 2241 peri·
1113 2228 1116 2233 .

50 2243 150 2327 culum,
174 2243 262 2328 quod
284 2244 318 2308 in
341 2265 452 2309 omnes
475 2244 662 2328 intenditur,
683 2245 890 2331 propulsatis.
923 2244 1044 2321 Quodsi
1063 2261 1084 2308 a³

51 2335 96 2396 aut
119 2354 217 2398 causa
245 2331 388 2397 criminis
417 2336 474 2397 aut
506 2332 585 2398 facti
619 2333 758 2418 suspicio
791 2338 848 2398 aut
881 2334 1045 2418 quaelibet

25 2417 171 2504 §denique
185 2419 240 2486 vel
254 2420 389 2486 minima
402 2442 454 2484 res
468 2421 656 2506 reperietur,
671 2443 768 2504 quam
783 2421 824 2487 ob
839 2445 908 2487 rem
917 2422 1045 2488 videan-

51 2511 92 2570 tm
115 2509 164 2574 illi
192 2530 260 2574 non
286 2507 369 2573 nihil
397 2509 563 2574 tamenin
587 2509 758 2574 deferendo
780 2510 911 2576 nomine
935 2511 1045 2594 secuti,

52 2601 199 2677 postremo
223 2596 253 2662 si
275 2602 404 2682 praeter
428 2619 499 2663 eam
526 2597 693 2681 praedam,
725 2620 823 2682 quam
851 2599 929 2683 dixi,
958 2599 1047 2683 quic-

54 2704 132 2764 quam
159 2684 250 2751 aliud
278 2707 393 2750 causae
420 2685 622 2768 inveneritis,
649 2707 714 2752 non
740 2708 940 2770 recusamus,
968 2685 1046 2769 quin

53 2769 165 2840 illorum
194 2772 323 2838 libidini
349 2771 419 2838 Sex.
447 2772 546 2838 Rosci
573 2774 643 2839 vita
674 2773 817 2840 dedatur.
868 2772 925 2838 Sin
957 2773 1045 2838 aliud

26 2861 144 2944 qaum
170 2861 270 2946 nihil,
296 2861 360 2926 nisi
387 2866 424 2926 ut
452 2861 492 2925 iis
519 2883 560 2926 ne
588 2862 665 2946 quid
692 2863 789 2947 desit,
819 2862 936 2947 quibus
965 2862 1046 2926 satis

54 2947 119 3013 nihil
140 2955 201 3034 est,
224 2950 253 3014 si
275 2949 338 3015 hoc
361 2950 467 3014 solum
489 2949 551 3015 hoc
574 2955 721 3035 tempore
743 2954 923 3035 pugnatur,
945 2953 982 3014 ut
1005 2949 1046 3014 ad

55 3035 129 3102 illam
151 3039 297 3124 opimam
318 3039 583 3123 praeclaramque
606 3040 761 3124 praedam
784 3037 950 3103 damnatio
975 3035 1045 3104 Sex.

55 3120 133 3192 Rosci
148 3126 242 3192 velut
260 3125 407 3192 cumulus
421 3125 560 3212 accedat,
577 3149 684 3194 nonne
698 3149 771 3194 cum
785 3127 889 3191 multa
902 3126 1053 3215 indigna,-

56 3215 168 3280 tumve]
181 3215 245 3280 hoc
256 3214 518 3300 indignissimum
537 3219 596 3295 est,
609 3237 667 3281 vos
685 3216 818 3281 idoneos
832 3215 973 3299 habitos,
987 3239 1045 3302 per

32 3311 175 3381 ⁸⁶quorum
189 3301 366 3368 sententias
375 3303 488 3388 iusque
499 3303 669 3369 iurandum
679 3303 713 3369 id
727 3308 949 3388 assequantur,
960 3304 1045 3388 quod

59 3393 136 3455 arma
156 3392 219 3478 ipsi
242 3392 362 3458 scelere
386 3390 527 3457 etsferro
551 3392 684 3475 adsequi
706 3393 961 3458 consueverant?
989 3391 1045 3474 qui

61 3495 89 3538 er
107 3479 230 3546 civitate
252 3480 288 3546 in
311 3484 458 3546 senatum
481 3483 616 3565 propter
639 3479 845 3566 dignitatem,
869 3501 907 3544 ex
931 3481 1045 3542 senatu
