2386 3938
361 160 558 216 otkis-14
576 168 591 228 ξ
611 168 722 218 33-40.
1007 164 1051 228 93

106 303 153 370 Et
178 326 221 369 ne
247 305 334 370 forte
358 327 409 369 me
432 305 494 370 hcc
515 305 638 372 frustra
661 307 844 392 pollicitum
866 328 936 372 esse
958 329 1048 393 prae
1061 304 1100 368 13

45 393 142 476 dices,
159 396 209 477 te,
226 397 274 476 te,
297 393 446 478 inquam,
467 392 584 477 Fanni,
607 396 649 459 ab
668 395 733 461 tuis
753 395 916 461 subselliis
935 401 1048 462 contra

45 484 221 546 tetestem
248 481 422 550 suscitabo.
466 479 658 548 Criminatio
686 487 744 549 tua
769 484 945 568 quaeest?
986 484 1049 550 Ro

46 570 143 634 seium
171 591 245 636 oum
268 568 382 635 Flavio
405 591 465 654 pro
489 571 643 636 societate
666 571 830 638 decidisse.
876 571 947 648 Quo
969 575 1049 637 tem·

15 658 141 744 spore?
188 657 319 724 Abhinc
351 658 443 723 annis
469 676 524 724 xv.
573 658 726 725 Defensio
758 681 831 726 mea
863 682 946 746 quae
976 660 1048 724 est?

45 747 196 812 Roscium
224 768 285 832 pro
313 767 371 811 sua
395 749 488 830 parte
511 769 584 812 cum
605 746 718 814 Flavio
741 749 948 834 transegisse.
989 748 1049 813 Re

45 834 209 919 promittis
237 837 275 900 tu
302 834 420 900 abhinc
445 833 621 900 triennium
643 835 769 902 Roscio.
811 836 916 913 Quid?
947 837 1049 902 recita
1111 847 1116 860 '

46 923 139 988 istam
161 923 445 1008 restipulationem
468 923 596 988 clarius.
633 923 785 1009 Attende,
808 947 937 1010 quaeso,
958 925 1049 1009 Pis03

46 1009 202 1076 Fannium
234 1010 374 1076 invitum
400 1015 433 1076 et
460 1010 524 1076 huc
551 1015 648 1096 atque
674 1013 753 1078 illuc
779 1014 1049 1100 tergiversantem

18 1099 268 1166 atestimonium
291 1103 405 1164 contra
427 1121 461 1164 se
485 1099 589 1165 dicere
611 1122 702 1188 cogo.
743 1101 826 1177 Quid
849 1101 934 1166 enim
956 1102 1049 1166 resti·

47 1187 166 1274 putatio
186 1188 331 1253 clamat?
363 1205 459 1266 ouon
477 1206 500 1252 s
522 1205 652 1254 snsvro
674 1205 886 1271 messurae,
908 1207 1050 1256 suarum
1158 1234 1162 1244 ι

47 1294 214 1342 amimam
231 1293 317 1341 mnu
336 1293 462 1342 Roscio
479 1294 528 1340 mn
547 1293 757 1344 scansurum
775 1295 943 1344 sperono.
979 1277 1050 1344 'lixa

49 1387 104 1430 vox
130 1368 198 1448 est,
225 1363 337 1430 Fanni.
383 1364 468 1442 Quid
494 1368 532 1429 tu
559 1364 685 1430 auferre
707 1370 800 1450 potes
824 1389 844 1432 a
865 1365 993 1449 Flavio,
1021 1366 1049 1430 si
1067 1376 1102 1428 ³8

50 1452 174 1520 Flavius
193 1452 279 1518 nihil
298 1452 416 1517 debet?
440 1452 517 1536 quid
534 1453 588 1518 hic
604 1475 702 1538 porro
722 1467 806 1520 nunc
828 1455 1050 1539 restipulatur,
1139 1512 1142 1518 .

22 1543 128 1625 equod
149 1542 219 1607 iam
241 1540 366 1626 pridem
389 1541 458 1625 ipse
482 1540 612 1627 exegit?
635 1541 712 1626 quid
734 1564 811 1608 vero
832 1541 964 1610 Flavius
987 1543 1050 1609 tibi

52 1630 178 1696 daturus
202 1632 262 1712 est,
285 1628 341 1713 qui
358 1627 476 1694 Roscio
500 1651 604 1713 omne,
626 1630 713 1714 quod
734 1630 853 1714 debuit,
877 1632 1049 1698 dissolvit?

53 1716 109 1783 dur
135 1719 171 1783 in
199 1740 234 1782 re
262 1720 332 1782 tam
357 1720 480 1801 vetere,
511 1717 546 1781 in
572 1719 706 1804 negotio
732 1719 799 1784 ianr
826 1720 986 1802 conlecto,
1015 1720 1050 1784 in

53 1808 201 1872 societate
216 1805 375 1871 dissoluta
388 1827 473 1870 nova
486 1806 566 1870 haec
584 1806 791 1891 restipulatio
809 1807 1049 1891 interponitur?

53 1895 117 1979 quis
142 1899 194 1962 est
217 1894 313 1959 huius
336 1893 594 1978 restipulationis
617 1894 769 1978 scriptor,
796 1894 892 1959 testis
916 1894 1050 1960 arbiter·

26 1983 128 2066 aque?
170 1983 235 2066 Tu,
267 1981 357 2066 Pis03
385 1985 421 2046 tu
450 1981 535 2047 enim
563 1981 599 2058 Q.
622 1982 776 2048 Roscium
802 2003 862 2068 pro
891 2003 989 2067 opera
1014 2004 1051 2050 ac

54 2071 166 2154 labore,
190 2070 278 2155 quod
297 2070 446 2156 cognitor
463 2069 588 2154 fuisset,
611 2071 697 2154 quod
716 2070 901 2137 vadimonia
919 2070 1051 2156 obisset,

54 2160 180 2246 rogasti,
203 2163 241 2224 ut
259 2157 383 2224 Fannio
401 2158 495 2222 daret
512 2156 567 2224 Hs
590 2174 749 2227 colomeo
772 2159 833 2226 hac
856 2159 1051 2244 condicione,

55 2251 94 2330 ut,
115 2249 143 2313 si
165 2246 244 2332 quid
266 2247 323 2311 ille
346 2246 506 2332 exegisset
530 2269 549 2312 a
570 2245 694 2329 Flavio,
716 2251 844 2332 partem
866 2248 935 2313 eius
958 2249 1050 2314 dimi-

56 2335 134 2400 dium
151 2335 272 2400 Roscio
293 2334 493 2400 dissolveret.
533 2332 661 2400 Satisne
683 2335 756 2420 ipsa
777 2336 983 2421 restipulatio
1007 2338 1051 2403 di·

30 2437 119 2489 scere
144 2423 207 2488 tibi
239 2422 366 2488 videtur
398 2425 509 2508 aperte
535 2423 690 2491 Roscium
720 2445 780 2508 pro
812 2447 847 2490 se
874 2425 1051 2492 decidisse?

59 2513 96 2576 st
123 2513 208 2578 enim
235 2510 376 2576 forsitan
402 2511 465 2576 hoo
490 2511 552 2576 tibi
573 2511 683 2576 veniat
705 2512 740 2577 in
762 2516 916 2598 mentem,
943 2535 1051 2599 repro
1069 2531 1103 2582 ee

59 2601 173 2666 misisse
196 2598 357 2666 Fannium
379 2597 511 2682 Roscio,
539 2599 568 2663 si
595 2599 672 2684 quid
698 2623 718 2664 a
740 2598 853 2667 Flavio
881 2602 1051 2686 exegisset,

60 2688 118 2753 eius
151 2692 281 2774 partem
317 2687 498 2771 dimidiam,
534 2687 590 2752 sed
622 2688 752 2754 omnino
784 2689 928 2774 exegisse
959 2688 1051 2753 nihil.

62 2774 133 2851 Quid
149 2776 244 2842 tum?
276 2774 352 2840 Non
369 2775 490 2840 exitum
509 2776 694 2860 exactionis,
718 2776 774 2841 sed
794 2777 923 2843 initium
943 2798 1052 2860 repro-

33 2864 213 2930 suasionis
227 2868 373 2949 spectare
389 2864 494 2928 debes.
525 2862 638 2948 Neque
653 2863 681 2928 si
699 2865 755 2928 ille
769 2864 792 2947 †
805 2864 839 2929 in
860 2886 897 2928 eo
921 2885 1052 2947 sequeu-

61 2951 135 3037 dum,
150 2975 226 3037 non,
244 2952 330 3037 quod
347 2952 382 3016 in
400 2973 434 3016 se
452 2950 524 3030 luit,
541 2951 695 3025 iudicavit
713 2952 866 3017 Roscium
885 2972 970 3034 suas,
987 2973 1053 3017 non

63 3041 215 3107 societatis
229 3041 306 3106 lites
320 3040 501 3106 redemisse.
534 3039 617 3116 Quid
631 3040 804 3106 sitandam
817 3040 951 3124 planum
968 3038 1052 3106 facio

63 3132 127 3210 post
140 3129 333 3195 decisionem
346 3132 489 3194 veterem
502 3127 608 3212 Rosci,
620 3133 696 3214 post
710 3127 993 3212 repromissionem
1006 3151 1053 3194 re

65 3221 176 3283 ceutmn
193 3219 277 3283 hanc
295 3216 398 3282 Fanni
416 3214 472 3280 Hs
492 3232 636 3284 cccmus
659 3215 819 3282 Fannium
842 3237 869 3293 a.
885 3214 921 3292 Q.
939 3215 1052 3283 Illavio

40 3301 193 3392 ιιΡιιιιιιςὶ
205 3305 336 3372 nomine
352 3304 548 3370 abstulisse?
571 3309 682 3370 tamen
699 3303 820 3370 diutius
838 3304 973 3374 illudere
991 3305 1054 3370 viri

68 3393 169 3475 optimi
190 3394 436 3477 existimationi,
459 3391 496 3468 Q.
514 3391 624 3476 Rosci,
648 3392 800 3458 audebit?
1065 3450 1107 3512 14

121 3479 218 3548 Paulo
250 3486 326 3548 ante
357 3481 571 3567 quaerebam,
599 3481 633 3545 id
664 3480 750 3564 quod
779 3479 985 3554 vehementer
1013 3479 1054 3543 ad
1071 3525 1106 3571 40
