<?xml version="1.0" encoding="UTF-8"?>
<!DOCTYPE html PUBLIC "-//W3C//DTD XHTML 1.0 Transitional//EN"
    "http://www.w3.org/TR/xhtml1/DTD/xhtml1-transitional.dtd">
<html xmlns="http://www.w3.org/1999/xhtml" xml:lang="en" lang="en">
 <head>
  <title>
</title>
<meta http-equiv="Content-Type" content="text/html;charset=utf-8" />
  <meta name='ocr-system' content='tesseract 3.04.00' />
  <meta name='ocr-capabilities' content='ocr_page ocr_carea ocr_par ocr_line ocrx_word'/>
</head>
<body>
  <div class='ocr_page' id='page_1' title='image "./mtulliiciceroni02mlgoog/mtulliiciceroni02mlgoog_0287.png"; bbox 0 0 2386 3938; ppageno 0'>
   <div class='ocr_carea' id='block_1_1' title="bbox 161 165 869 234">
    <p class='ocr_par' dir='ltr' id='par_1_1' title="bbox 161 165 869 234">
     <span class='ocr_line' id='line_1_1' title="bbox 161 165 869 234; baseline -0.021 0"><span class='ocrx_word' id='word_1_1' title='bbox 161 171 225 234; x_wconf 80' lang='grc'>170</span> <span class='ocrx_word' id='word_1_2' title='bbox 465 167 505 222; x_wconf 85' lang='grc' dir='ltr'>ΙΝ</span> <span class='ocrx_word' id='word_1_3' title='bbox 524 168 553 222; x_wconf 84' lang='lat' dir='ltr'>C.</span> <span class='ocrx_word' id='word_1_4' title='bbox 568 165 721 222; x_wconf 83' lang='lat' dir='ltr'><strong>VERREM</strong></span> <span class='ocrx_word' id='word_1_5' title='bbox 740 165 817 221; x_wconf 81' lang='grc' dir='ltr'>ΑΟΤ.</span> <span class='ocrx_word' id='word_1_6' title='bbox 837 166 869 220; x_wconf 88' lang='grc' dir='ltr'>ΙΙ.</span> 
     </span>
    </p>
   </div>
   <div class='ocr_carea' id='block_1_2' title="bbox 106 309 1175 3569">
    <p class='ocr_par' dir='ltr' id='par_1_2' title="bbox 158 309 1150 576">
     <span class='ocr_line' id='line_1_2' title="bbox 158 309 1148 396; baseline -0.007 -17"><span class='ocrx_word' id='word_1_7' title='bbox 158 314 300 379; x_wconf 84' lang='lat' dir='ltr'>Romani</span> <span class='ocrx_word' id='word_1_8' title='bbox 326 314 569 396; x_wconf 77' lang='lat' dir='ltr'>circumsessus,</span> <span class='ocrx_word' id='word_1_9' title='bbox 599 331 667 376; x_wconf 90' lang='lat' dir='ltr'>non</span> <span class='ocrx_word' id='word_1_10' title='bbox 693 311 790 375; x_wconf 88' lang='lat' dir='ltr'>modo</span> <span class='ocrx_word' id='word_1_11' title='bbox 817 311 901 395; x_wconf 79' lang='lat' dir='ltr'>igni,</span> <span class='ocrx_word' id='word_1_12' title='bbox 932 309 1034 393; x_wconf 81' lang='lat' dir='ltr'>ferro,</span> <span class='ocrx_word' id='word_1_13' title='bbox 1060 331 1148 390; x_wconf 75' lang='lat' dir='ltr'>manu</span> 
     </span>
     <span class='ocr_line' id='line_1_3' title="bbox 159 397 1149 488; baseline -0.008 -21"><span class='ocrx_word' id='word_1_14' title='bbox 159 401 261 486; x_wconf 87' lang='lat' dir='ltr'>copiis</span> <span class='ocrx_word' id='word_1_15' title='bbox 289 405 510 488; x_wconf 78' lang='lat' dir='ltr'>oppugnatus,</span> <span class='ocrx_word' id='word_1_16' title='bbox 538 397 595 464; x_wconf 80' lang='lat' dir='ltr'>sed</span> <span class='ocrx_word' id='word_1_17' title='bbox 621 401 732 482; x_wconf 86' lang='lat' dir='ltr'>eliqua</span> <span class='ocrx_word' id='word_1_18' title='bbox 759 419 798 463; x_wconf 82' lang='lat' dir='ltr'>ex</span> <span class='ocrx_word' id='word_1_19' title='bbox 824 402 918 482; x_wconf 88' lang='lat' dir='ltr'>parte</span> <span class='ocrx_word' id='word_1_20' title='bbox 945 398 1085 464; x_wconf 79' lang='lat' dir='ltr'>violatus</span> <span class='ocrx_word' id='word_1_21' title='bbox 1109 397 1149 478; x_wconf 84' lang='lat' dir='ltr'>sit,</span> 
     </span>
     <span class='ocr_line' id='line_1_4' title="bbox 159 485 1150 576; baseline -0.01 -20"><span class='ocrx_word' id='word_1_22' title='bbox 159 491 224 556; x_wconf 86' lang='lat' dir='ltr'>nisi</span> <span class='ocrx_word' id='word_1_23' title='bbox 246 491 376 576; x_wconf 87' lang='lat' dir='ltr'>publice</span> <span class='ocrx_word' id='word_1_24' title='bbox 399 490 479 554; x_wconf 77' lang='lat' dir='ltr'>ratis</span> <span class='ocrx_word' id='word_1_25' title='bbox 502 488 625 554; x_wconf 86' lang='lat' dir='ltr'>factum</span> <span class='ocrx_word' id='word_1_26' title='bbox 648 488 701 570; x_wconf 88' lang='lat' dir='ltr'>eit,</span> <span class='ocrx_word' id='word_1_27' title='bbox 724 487 754 552; x_wconf 89' lang='lat' dir='ltr'>ei</span> <span class='ocrx_word' id='word_1_28' title='bbox 777 487 903 552; x_wconf 83' lang='lat' dir='ltr'>civitati</span> <span class='ocrx_word' id='word_1_29' title='bbox 925 487 1050 552; x_wconf 90' lang='lat' dir='ltr'>bellum</span> <span class='ocrx_word' id='word_1_30' title='bbox 1071 485 1150 548; x_wconf 84' lang='lat' dir='ltr'>indici</span> 
     </span>
    </p>

    <p class='ocr_par' dir='ltr' id='par_1_3' title="bbox 108 575 1175 1988">
     <span class='ocr_line' id='line_1_5' title="bbox 108 575 1151 663; baseline -0.004 -23"><span class='ocrx_word' id='word_1_31' title='bbox 108 589 143 641; x_wconf 84' lang='lat'>80</span> <span class='ocrx_word' id='word_1_32' title='bbox 162 584 259 663; x_wconf 86' lang='lat' dir='ltr'>atque</span> <span class='ocrx_word' id='word_1_33' title='bbox 273 578 386 643; x_wconf 86' lang='lat' dir='ltr'>inferri</span> <span class='ocrx_word' id='word_1_34' title='bbox 401 579 513 643; x_wconf 89' lang='lat' dir='ltr'>solere.</span> <span class='ocrx_word' id='word_1_35' title='bbox 546 575 635 652; x_wconf 80' lang='lat' dir='ltr'>Quae</span> <span class='ocrx_word' id='word_1_36' title='bbox 652 575 716 640; x_wconf 81' lang='lat' dir='ltr'>fuit</span> <span class='ocrx_word' id='word_1_37' title='bbox 733 575 836 660; x_wconf 80' lang='lat' dir='ltr'>igitur</span> <span class='ocrx_word' id='word_1_38' title='bbox 854 597 961 659; x_wconf 83' lang='lat' dir='ltr'>causa,</span> <span class='ocrx_word' id='word_1_39' title='bbox 978 595 1037 639; x_wconf 91' lang='lat' dir='ltr'>cur</span> <span class='ocrx_word' id='word_1_40' title='bbox 1055 577 1151 638; x_wconf 83' lang='lat' dir='ltr'>cuncta</span> 
     </span>
     <span class='ocr_line' id='line_1_6' title="bbox 160 662 1170 749; baseline -0.01 -15"><span class='ocrx_word' id='word_1_41' title='bbox 160 669 275 734; x_wconf 80' lang='lat' dir='ltr'>civitas</span> <span class='ocrx_word' id='word_1_42' title='bbox 294 666 588 749; x_wconf 74' lang='lat' dir='ltr'>Lampsacenorum</span> <span class='ocrx_word' id='word_1_43' title='bbox 609 665 648 728; x_wconf 87' lang='lat' dir='ltr'>de</span> <span class='ocrx_word' id='word_1_44' title='bbox 671 664 831 746; x_wconf 86' lang='lat' dir='ltr'>contione,</span> <span class='ocrx_word' id='word_1_45' title='bbox 854 685 951 748; x_wconf 90' lang='lat' dir='ltr'>quem</span> <span class='ocrx_word' id='word_1_46' title='bbox 974 663 1017 727; x_wconf 83' lang='lat' dir='ltr'>ad</span> <span class='ocrx_word' id='word_1_47' title='bbox 1039 662 1170 726; x_wconf 76' lang='lat' dir='ltr'>modum</span> 
     </span>
     <span class='ocr_line' id='line_1_7' title="bbox 160 751 1152 838; baseline -0.009 -18"><span class='ocrx_word' id='word_1_48' title='bbox 160 760 231 821; x_wconf 88' lang='lat' dir='ltr'>tute</span> <span class='ocrx_word' id='word_1_49' title='bbox 251 754 375 838; x_wconf 86' lang='lat' dir='ltr'>scribis,</span> <span class='ocrx_word' id='word_1_50' title='bbox 394 755 526 818; x_wconf 87' lang='lat' dir='ltr'>domum</span> <span class='ocrx_word' id='word_1_51' title='bbox 544 758 636 818; x_wconf 89' lang='lat' dir='ltr'>tuam</span> <span class='ocrx_word' id='word_1_52' title='bbox 655 753 882 817; x_wconf 71' lang='lat' dir='ltr'>concurreret?</span> <span class='ocrx_word' id='word_1_53' title='bbox 906 755 943 815; x_wconf 88' lang='lat' dir='ltr'>tu</span> <span class='ocrx_word' id='word_1_54' title='bbox 962 751 1050 816; x_wconf 91' lang='lat' dir='ltr'>enim</span> <span class='ocrx_word' id='word_1_55' title='bbox 1067 771 1152 833; x_wconf 87' lang='lat' dir='ltr'>neque</span> 
     </span>
     <span class='ocr_line' id='line_1_8' title="bbox 159 838 1152 926; baseline -0.006 -19"><span class='ocrx_word' id='word_1_56' title='bbox 159 844 195 908; x_wconf 87' lang='lat' dir='ltr'>in</span> <span class='ocrx_word' id='word_1_57' title='bbox 222 843 356 926; x_wconf 90' lang='lat' dir='ltr'>litteris,</span> <span class='ocrx_word' id='word_1_58' title='bbox 384 864 463 926; x_wconf 85' lang='lat' dir='ltr'>quas</span> <span class='ocrx_word' id='word_1_59' title='bbox 491 839 615 906; x_wconf 79' lang='lat' dir='ltr'>Neroni</span> <span class='ocrx_word' id='word_1_60' title='bbox 642 840 760 924; x_wconf 86' lang='lat' dir='ltr'>mittis,</span> <span class='ocrx_word' id='word_1_61' title='bbox 785 861 891 924; x_wconf 90' lang='lat' dir='ltr'>neque</span> <span class='ocrx_word' id='word_1_62' title='bbox 918 840 953 904; x_wconf 91' lang='lat' dir='ltr'>in</span> <span class='ocrx_word' id='word_1_63' title='bbox 980 838 1152 904; x_wconf 82' lang='lat' dir='ltr'>testimonio</span> 
     </span>
     <span class='ocr_line' id='line_1_9' title="bbox 160 929 1153 1011; baseline -0.01 -14"><span class='ocrx_word' id='word_1_64' title='bbox 160 953 291 997; x_wconf 84' lang='lat' dir='ltr'>caueam</span> <span class='ocrx_word' id='word_1_65' title='bbox 317 931 404 996; x_wconf 89' lang='lat' dir='ltr'>tanti</span> <span class='ocrx_word' id='word_1_66' title='bbox 430 931 590 995; x_wconf 85' lang='lat' dir='ltr'>tumultus</span> <span class='ocrx_word' id='word_1_67' title='bbox 619 929 763 994; x_wconf 87' lang='lat' dir='ltr'>ostendis</span> <span class='ocrx_word' id='word_1_68' title='bbox 790 929 908 1011; x_wconf 80' lang='lat' dir='ltr'>ullam3</span> <span class='ocrx_word' id='word_1_69' title='bbox 939 929 1106 993; x_wconf 84' lang='lat' dir='ltr'>obsessum</span> <span class='ocrx_word' id='word_1_70' title='bbox 1128 930 1153 987; x_wconf 88' lang='lat' dir='ltr'>te</span> 
     </span>
     <span class='ocr_line' id='line_1_10' title="bbox 160 1015 1152 1106; baseline -0.009 -21"><span class='ocrx_word' id='word_1_71' title='bbox 160 1021 254 1106; x_wconf 89' lang='lat' dir='ltr'>dicis,</span> <span class='ocrx_word' id='word_1_72' title='bbox 279 1021 390 1106; x_wconf 84' lang='lat' dir='ltr'>ignem</span> <span class='ocrx_word' id='word_1_73' title='bbox 413 1016 564 1102; x_wconf 87' lang='lat' dir='ltr'>allatum,</span> <span class='ocrx_word' id='word_1_74' title='bbox 593 1021 757 1082; x_wconf 70' lang='lat' dir='ltr'>sarmenta</span> <span class='ocrx_word' id='word_1_75' title='bbox 779 1015 996 1100; x_wconf 85' lang='lat' dir='ltr'>circumdata,</span> <span class='ocrx_word' id='word_1_76' title='bbox 1024 1017 1152 1081; x_wconf 85' lang='lat' dir='ltr'>lictorem</span> 
     </span>
     <span class='ocr_line' id='line_1_11' title="bbox 159 1104 1175 1190; baseline -0.009 -16"><span class='ocrx_word' id='word_1_77' title='bbox 159 1113 253 1174; x_wconf 89' lang='lat' dir='ltr'>tuum</span> <span class='ocrx_word' id='word_1_78' title='bbox 282 1109 422 1174; x_wconf 86' lang='lat' dir='ltr'>occisum</span> <span class='ocrx_word' id='word_1_79' title='bbox 445 1127 515 1172; x_wconf 85' lang='lat' dir='ltr'>esse</span> <span class='ocrx_word' id='word_1_80' title='bbox 539 1105 631 1190; x_wconf 89' lang='lat' dir='ltr'>dicis,</span> <span class='ocrx_word' id='word_1_81' title='bbox 659 1105 838 1190; x_wconf 86' lang='lat' dir='ltr'>prodeundi</span> <span class='ocrx_word' id='word_1_82' title='bbox 861 1105 923 1168; x_wconf 90' lang='lat' dir='ltr'>tibi</span> <span class='ocrx_word' id='word_1_83' title='bbox 945 1105 982 1168; x_wconf 92' lang='lat' dir='ltr'>in</span> <span class='ocrx_word' id='word_1_84' title='bbox 1005 1104 1175 1190; x_wconf 77' lang='lat' dir='ltr'>publicum</span> 
     </span>
     <span class='ocr_line' id='line_1_12' title="bbox 160 1190 1152 1282; baseline -0.01 -20"><span class='ocrx_word' id='word_1_85' title='bbox 160 1200 358 1282; x_wconf 87' lang='lat' dir='ltr'>potestatem</span> <span class='ocrx_word' id='word_1_86' title='bbox 375 1197 497 1262; x_wconf 85' lang='lat' dir='ltr'>factam</span> <span class='ocrx_word' id='word_1_87' title='bbox 514 1213 630 1280; x_wconf 80' lang='lat' dir='ltr'>negas3</span> <span class='ocrx_word' id='word_1_88' title='bbox 653 1215 784 1259; x_wconf 89' lang='lat' dir='ltr'>causam</span> <span class='ocrx_word' id='word_1_89' title='bbox 806 1194 903 1257; x_wconf 85' lang='lat' dir='ltr'>huius</span> <span class='ocrx_word' id='word_1_90' title='bbox 926 1194 1015 1258; x_wconf 85' lang='lat' dir='ltr'>tanti</span> <span class='ocrx_word' id='word_1_91' title='bbox 1037 1190 1152 1256; x_wconf 83' lang='lat' dir='ltr'>terroris</span> 
     </span>
     <span class='ocr_line' id='line_1_13' title="bbox 160 1279 1152 1369; baseline -0.011 -19"><span class='ocrx_word' id='word_1_92' title='bbox 160 1286 314 1350; x_wconf 83' lang='lat' dir='ltr'>occultas.</span> <span class='ocrx_word' id='word_1_93' title='bbox 349 1284 446 1369; x_wconf 89' lang='lat' dir='ltr'>Nam,</span> <span class='ocrx_word' id='word_1_94' title='bbox 466 1284 495 1348; x_wconf 90' lang='lat' dir='ltr'>si</span> <span class='ocrx_word' id='word_1_95' title='bbox 513 1303 610 1367; x_wconf 88' lang='lat' dir='ltr'>quam</span> <span class='ocrx_word' id='word_1_96' title='bbox 629 1282 771 1347; x_wconf 85' lang='lat' dir='ltr'>Rubrius</span> <span class='ocrx_word' id='word_1_97' title='bbox 789 1281 943 1346; x_wconf 87' lang='lat' dir='ltr'>iniuriam</span> <span class='ocrx_word' id='word_1_98' title='bbox 963 1303 1024 1346; x_wconf 85' lang='lat' dir='ltr'>suo</span> <span class='ocrx_word' id='word_1_99' title='bbox 1042 1279 1152 1345; x_wconf 87' lang='lat' dir='ltr'>nomine</span> 
     </span>
     <span class='ocr_line' id='line_1_14' title="bbox 160 1366 1151 1455; baseline -0.009 -17"><span class='ocrx_word' id='word_1_100' title='bbox 160 1395 197 1438; x_wconf 88' lang='lat' dir='ltr'>ae</span> <span class='ocrx_word' id='word_1_101' title='bbox 220 1394 286 1438; x_wconf 93' lang='lat' dir='ltr'>non</span> <span class='ocrx_word' id='word_1_102' title='bbox 308 1373 451 1455; x_wconf 90' lang='lat' dir='ltr'>impulsu</span> <span class='ocrx_word' id='word_1_103' title='bbox 474 1375 531 1435; x_wconf 90' lang='lat' dir='ltr'>tuo</span> <span class='ocrx_word' id='word_1_104' title='bbox 555 1375 588 1436; x_wconf 88' lang='lat' dir='ltr'>et</span> <span class='ocrx_word' id='word_1_105' title='bbox 610 1374 669 1436; x_wconf 84' lang='lat' dir='ltr'>tua</span> <span class='ocrx_word' id='word_1_106' title='bbox 691 1370 869 1454; x_wconf 85' lang='lat' dir='ltr'>cupiditate</span> <span class='ocrx_word' id='word_1_107' title='bbox 890 1369 1039 1453; x_wconf 84' lang='lat' dir='ltr'>iecisset,</span> <span class='ocrx_word' id='word_1_108' title='bbox 1061 1369 1097 1432; x_wconf 88' lang='lat' dir='ltr'>de</span> <span class='ocrx_word' id='word_1_109' title='bbox 1115 1366 1151 1429; x_wconf 90' lang='lat' dir='ltr'>tui</span> 
     </span>
     <span class='ocr_line' id='line_1_15' title="bbox 160 1459 1151 1543; baseline -0.009 -18"><span class='ocrx_word' id='word_1_110' title='bbox 160 1461 288 1526; x_wconf 84' lang='lat' dir='ltr'>comitis</span> <span class='ocrx_word' id='word_1_111' title='bbox 314 1461 433 1524; x_wconf 83' lang='lat' dir='ltr'>iniuria</span> <span class='ocrx_word' id='word_1_112' title='bbox 461 1463 612 1543; x_wconf 85' lang='lat' dir='ltr'>questum</span> <span class='ocrx_word' id='word_1_113' title='bbox 640 1459 681 1524; x_wconf 85' lang='lat' dir='ltr'>ad</span> <span class='ocrx_word' id='word_1_114' title='bbox 702 1462 736 1523; x_wconf 89' lang='lat' dir='ltr'>te</span> <span class='ocrx_word' id='word_1_115' title='bbox 758 1459 868 1543; x_wconf 86' lang='lat' dir='ltr'>potius</span> <span class='ocrx_word' id='word_1_116' title='bbox 892 1480 990 1542; x_wconf 84' lang='lat' dir='ltr'>quam</span> <span class='ocrx_word' id='word_1_117' title='bbox 1015 1463 1049 1522; x_wconf 85' lang='lat' dir='ltr'>te</span> <span class='ocrx_word' id='word_1_118' title='bbox 1072 1475 1151 1540; x_wconf 88' lang='lat' dir='ltr'>oppu-</span> 
     </span>
     <span class='ocr_line' id='line_1_16' title="bbox 160 1545 1167 1634; baseline -0.007 -22"><span class='ocrx_word' id='word_1_119' title='bbox 160 1551 297 1634; x_wconf 84' lang='lat' dir='ltr'>gnatum</span> <span class='ocrx_word' id='word_1_120' title='bbox 323 1547 479 1612; x_wconf 87' lang='lat' dir='ltr'>venirent.</span> <span class='ocrx_word' id='word_1_121' title='bbox 524 1545 606 1612; x_wconf 80' lang='lat' dir='ltr'>Cum</span> <span class='ocrx_word' id='word_1_122' title='bbox 633 1547 748 1632; x_wconf 83' lang='lat' dir='ltr'>igitur,</span> <span class='ocrx_word' id='word_1_123' title='bbox 775 1568 858 1630; x_wconf 88' lang='lat' dir='ltr'>quae</span> <span class='ocrx_word' id='word_1_124' title='bbox 887 1568 985 1612; x_wconf 83' lang='lat' dir='ltr'>causa</span> <span class='ocrx_word' id='word_1_125' title='bbox 1010 1546 1096 1610; x_wconf 86' lang='lat' dir='ltr'>illius</span> <span class='ocrx_word' id='word_1_126' title='bbox 1115 1547 1167 1605; x_wconf 84' lang='lat' dir='ltr'>tu·1</span> 
     </span>
     <span class='ocr_line' id='line_1_17' title="bbox 160 1632 1151 1719; baseline -0.008 -19"><span class='ocrx_word' id='word_1_127' title='bbox 160 1637 282 1700; x_wconf 89' lang='lat' dir='ltr'>multus</span> <span class='ocrx_word' id='word_1_128' title='bbox 309 1633 421 1719; x_wconf 88' lang='lat' dir='ltr'>fuerit,</span> <span class='ocrx_word' id='word_1_129' title='bbox 448 1637 549 1700; x_wconf 83' lang='lat' dir='ltr'>testes</span> <span class='ocrx_word' id='word_1_130' title='bbox 578 1657 598 1700; x_wconf 88' lang='lat' dir='ltr'>a</span> <span class='ocrx_word' id='word_1_131' title='bbox 624 1635 719 1700; x_wconf 88' lang='lat' dir='ltr'>nobis</span> <span class='ocrx_word' id='word_1_132' title='bbox 746 1635 896 1718; x_wconf 86' lang='lat' dir='ltr'>producti</span> <span class='ocrx_word' id='word_1_133' title='bbox 919 1633 1074 1718; x_wconf 77' lang='lat' dir='ltr'>dixerint,</span> <span class='ocrx_word' id='word_1_134' title='bbox 1097 1632 1151 1715; x_wconf 85' lang='lat' dir='ltr'>ipsc</span> 
     </span>
     <span class='ocr_line' id='line_1_18' title="bbox 159 1721 1151 1809; baseline -0.011 -18"><span class='ocrx_word' id='word_1_135' title='bbox 159 1724 288 1809; x_wconf 86' lang='lat' dir='ltr'>celarit,</span> <span class='ocrx_word' id='word_1_136' title='bbox 314 1745 421 1790; x_wconf 91' lang='lat' dir='ltr'>nonne</span> <span class='ocrx_word' id='word_1_137' title='bbox 448 1743 579 1788; x_wconf 88' lang='lat' dir='ltr'>causam</span> <span class='ocrx_word' id='word_1_138' title='bbox 604 1723 701 1807; x_wconf 87' lang='lat' dir='ltr'>hanc,</span> <span class='ocrx_word' id='word_1_139' title='bbox 729 1742 826 1806; x_wconf 89' lang='lat' dir='ltr'>quam</span> <span class='ocrx_word' id='word_1_140' title='bbox 848 1739 909 1788; x_wconf 88' lang='lat' dir='ltr'>nos</span> <span class='ocrx_word' id='word_1_141' title='bbox 930 1721 1151 1808; x_wconf 87' lang='lat' dir='ltr'>proposuimus,</span> 
     </span>
     <span class='ocr_line' id='line_1_19' title="bbox 159 1811 1151 1895; baseline -0.006 -16"><span class='ocrx_word' id='word_1_142' title='bbox 159 1813 391 1880; x_wconf 84' lang='lat' dir='ltr'>camillorum</span> <span class='ocrx_word' id='word_1_143' title='bbox 417 1813 619 1895; x_wconf 86' lang='lat' dir='ltr'>testimonia,</span> <span class='ocrx_word' id='word_1_144' title='bbox 646 1816 717 1876; x_wconf 88' lang='lat' dir='ltr'>tam</span> <span class='ocrx_word' id='word_1_145' title='bbox 744 1811 837 1875; x_wconf 87' lang='lat' dir='ltr'>istius</span> <span class='ocrx_word' id='word_1_146' title='bbox 865 1811 1074 1877; x_wconf 82' lang='lat' dir='ltr'>taciturnitas</span> <span class='ocrx_word' id='word_1_147' title='bbox 1096 1827 1151 1892; x_wconf 81' lang='lat' dir='ltr'>per·</span> 
     </span>
     <span class='ocr_line' id='line_1_20' title="bbox 159 1903 474 1988; baseline -0.003 -21"><span class='ocrx_word' id='word_1_148' title='bbox 159 1907 259 1988; x_wconf 87' lang='lat' dir='ltr'>petua</span> <span class='ocrx_word' id='word_1_149' title='bbox 281 1903 474 1968; x_wconf 82' lang='lat' dir='ltr'>confirmat?</span> 
     </span>
    </p>

    <p class='ocr_par' dir='ltr' id='par_1_4' title="bbox 106 1959 1173 3218">
     <span class='ocr_line' id='line_1_21' title="bbox 106 1959 1173 2085; baseline -0.005 -30"><span class='ocrx_word' id='word_1_150' title='bbox 106 1959 149 2085; x_wconf 55' lang='grc' dir='ltr'>ἓξ</span> <span class='ocrx_word' id='word_1_151' title='bbox 225 1989 312 2056; x_wconf 73' lang='lat' dir='ltr'>nure</span> <span class='ocrx_word' id='word_1_152' title='bbox 338 1990 463 2054; x_wconf 74' lang='lat' dir='ltr'>homar</span> <span class='ocrx_word' id='word_1_153' title='bbox 489 1989 630 2074; x_wconf 69' lang='lat' dir='ltr'>pemeus</span> <span class='ocrx_word' id='word_1_154' title='bbox 655 1987 770 2074; x_wconf 69' lang='lat' dir='ltr'>igetur,</span> <span class='ocrx_word' id='word_1_155' title='bbox 797 1987 933 2070; x_wconf 69' lang='lat' dir='ltr'>rueres,</span> <span class='ocrx_word' id='word_1_156' title='bbox 959 1988 1053 2053; x_wconf 69' lang='lat' dir='ltr'>eurus</span> <span class='ocrx_word' id='word_1_157' title='bbox 1074 1986 1173 2050; x_wconf 72' lang='lat' dir='ltr'>tuta</span> 
     </span>
     <span class='ocr_line' id='line_1_22' title="bbox 159 2069 1151 2162; baseline -0.003 -22"><span class='ocrx_word' id='word_1_158' title='bbox 159 2081 293 2161; x_wconf 84' lang='lat' dir='ltr'>peecata</span> <span class='ocrx_word' id='word_1_159' title='bbox 312 2082 397 2160; x_wconf 88' lang='lat' dir='ltr'>sunt,</span> <span class='ocrx_word' id='word_1_160' title='bbox 419 2081 456 2141; x_wconf 89' lang='lat' dir='ltr'>ut</span> <span class='ocrx_word' id='word_1_161' title='bbox 473 2077 507 2160; x_wconf 91' lang='lat' dir='ltr'>ii,</span> <span class='ocrx_word' id='word_1_162' title='bbox 530 2077 646 2162; x_wconf 85' lang='lat' dir='ltr'>quibus</span> <span class='ocrx_word' id='word_1_163' title='bbox 664 2076 800 2140; x_wconf 72' lang='lat' dir='ltr'>iniuriam</span> <span class='ocrx_word' id='word_1_164' title='bbox 818 2076 942 2159; x_wconf 77' lang='lat' dir='ltr'>fecerit,</span> <span class='ocrx_word' id='word_1_165' title='bbox 963 2097 1069 2160; x_wconf 87' lang='lat' dir='ltr'>neque</span> <span class='ocrx_word' id='word_1_166' title='bbox 1088 2069 1151 2155; x_wconf 76' lang='lat' dir='ltr'>legi·</span> 
     </span>
     <span class='ocr_line' id='line_1_23' title="bbox 159 2160 1150 2249; baseline -0.005 -21"><span class='ocrx_word' id='word_1_167' title='bbox 159 2164 275 2228; x_wconf 89' lang='lat' dir='ltr'>timum</span> <span class='ocrx_word' id='word_1_168' title='bbox 302 2168 430 2248; x_wconf 85' lang='lat' dir='ltr'>tempus</span> <span class='ocrx_word' id='word_1_169' title='bbox 460 2169 629 2248; x_wconf 83' lang='lat' dir='ltr'>expectare</span> <span class='ocrx_word' id='word_1_170' title='bbox 657 2163 697 2228; x_wconf 85' lang='lat' dir='ltr'>ad</span> <span class='ocrx_word' id='word_1_171' title='bbox 724 2163 944 2229; x_wconf 78' lang='lat' dir='ltr'>ulciscendum</span> <span class='ocrx_word' id='word_1_172' title='bbox 970 2182 1076 2249; x_wconf 85' lang='lat' dir='ltr'>neque</span> <span class='ocrx_word' id='word_1_173' title='bbox 1098 2160 1150 2224; x_wconf 79' lang='lat' dir='ltr'>vin</span> 
     </span>
     <span class='ocr_line' id='line_1_24' title="bbox 159 2251 1150 2337; baseline -0.004 -21"><span class='ocrx_word' id='word_1_174' title='bbox 159 2254 287 2316; x_wconf 85' lang='lat' dir='ltr'>tentem</span> <span class='ocrx_word' id='word_1_175' title='bbox 302 2252 423 2316; x_wconf 83' lang='lat' dir='ltr'>doloris</span> <span class='ocrx_word' id='word_1_176' title='bbox 437 2253 472 2316; x_wconf 94' lang='lat' dir='ltr'>in</span> <span class='ocrx_word' id='word_1_177' title='bbox 485 2257 653 2337; x_wconf 88' lang='lat' dir='ltr'>posterum</span> <span class='ocrx_word' id='word_1_178' title='bbox 670 2252 797 2316; x_wconf 84' lang='lat' dir='ltr'>differre</span> <span class='ocrx_word' id='word_1_179' title='bbox 815 2252 1005 2336; x_wconf 77' lang='lat' dir='ltr'>potuerint?</span> <span class='ocrx_word' id='word_1_180' title='bbox 1030 2251 1150 2318; x_wconf 80' lang='lat' dir='ltr'>Circum·</span> 
     </span>
     <span class='ocr_line' id='line_1_25' title="bbox 160 2336 1150 2425; baseline -0.007 -21"><span class='ocrx_word' id='word_1_181' title='bbox 160 2359 268 2404; x_wconf 86' lang='lat' dir='ltr'>sessus</span> <span class='ocrx_word' id='word_1_182' title='bbox 288 2361 330 2405; x_wconf 85' lang='lat' dir='ltr'>es.</span> <span class='ocrx_word' id='word_1_183' title='bbox 367 2340 398 2404; x_wconf 87' lang='grc' dir='ltr'><strong>Α</strong></span> <span class='ocrx_word' id='word_1_184' title='bbox 421 2341 562 2425; x_wconf 80' lang='lat' dir='ltr'>quibus?</span> <span class='ocrx_word' id='word_1_185' title='bbox 598 2337 891 2425; x_wconf 80' lang='lat' dir='ltr'>Abempseeenis.</span> <span class='ocrx_word' id='word_1_186' title='bbox 930 2337 1086 2406; x_wconf 78' lang='lat' dir='ltr'>Barbarie</span> <span class='ocrx_word' id='word_1_187' title='bbox 1106 2336 1150 2399; x_wconf 89' lang='lat' dir='ltr'>ho·</span> 
     </span>
     <span class='ocr_line' id='line_1_26' title="bbox 159 2427 1172 2514; baseline -0.007 -21"><span class='ocrx_word' id='word_1_188' title='bbox 159 2427 315 2513; x_wconf 84' lang='lat' dir='ltr'>minibus,</span> <span class='ocrx_word' id='word_1_189' title='bbox 346 2428 455 2511; x_wconf 88' lang='lat' dir='ltr'>credo,</span> <span class='ocrx_word' id='word_1_190' title='bbox 487 2433 551 2494; x_wconf 87' lang='lat' dir='ltr'>eut</span> <span class='ocrx_word' id='word_1_191' title='bbox 573 2429 628 2513; x_wconf 88' lang='lat' dir='ltr'>iis,</span> <span class='ocrx_word' id='word_1_192' title='bbox 661 2429 716 2513; x_wconf 92' lang='lat' dir='ltr'>qui</span> <span class='ocrx_word' id='word_1_193' title='bbox 743 2429 856 2514; x_wconf 79' lang='lat' dir='ltr'>populi</span> <span class='ocrx_word' id='word_1_194' title='bbox 882 2428 1024 2494; x_wconf 79' lang='lat' dir='ltr'>Romani</span> <span class='ocrx_word' id='word_1_195' title='bbox 1050 2442 1172 2493; x_wconf 86' lang='lat' dir='ltr'>nonen</span> 
     </span>
     <span class='ocr_line' id='line_1_27' title="bbox 159 2512 1150 2583; baseline -0.008 -1"><span class='ocrx_word' id='word_1_196' title='bbox 159 2519 410 2583; x_wconf 72' lang='lat' dir='ltr'>contemnerem.</span> <span class='ocrx_word' id='word_1_197' title='bbox 447 2517 552 2582; x_wconf 88' lang='lat' dir='ltr'>lmmo</span> <span class='ocrx_word' id='word_1_198' title='bbox 571 2536 648 2582; x_wconf 88' lang='lat' dir='ltr'>vero</span> <span class='ocrx_word' id='word_1_199' title='bbox 667 2519 709 2582; x_wconf 85' lang='lat' dir='ltr'>ab</span> <span class='ocrx_word' id='word_1_200' title='bbox 730 2517 916 2582; x_wconf 81' lang='lat' dir='ltr'>hominibus</span> <span class='ocrx_word' id='word_1_201' title='bbox 939 2521 972 2582; x_wconf 85' lang='lat' dir='ltr'>et</span> <span class='ocrx_word' id='word_1_202' title='bbox 993 2521 1108 2583; x_wconf 73' lang='lat' dir='ltr'>natura</span> <span class='ocrx_word' id='word_1_203' title='bbox 1126 2512 1150 2574; x_wconf 84' lang='lat' dir='ltr'>et</span> 
     </span>
     <span class='ocr_line' id='line_1_28' title="bbox 159 2604 1150 2690; baseline -0.001 -20"><span class='ocrx_word' id='word_1_204' title='bbox 159 2605 389 2671; x_wconf 87' lang='lat' dir='ltr'>consuetudine</span> <span class='ocrx_word' id='word_1_205' title='bbox 408 2608 441 2670; x_wconf 86' lang='lat' dir='ltr'>et</span> <span class='ocrx_word' id='word_1_206' title='bbox 462 2604 632 2690; x_wconf 86' lang='lat' dir='ltr'>disciplina</span> <span class='ocrx_word' id='word_1_207' title='bbox 654 2604 839 2690; x_wconf 79' lang='lat' dir='ltr'>lenissimis,</span> <span class='ocrx_word' id='word_1_208' title='bbox 861 2623 959 2689; x_wconf 87' lang='lat' dir='ltr'>porro</span> <span class='ocrx_word' id='word_1_209' title='bbox 983 2610 1090 2670; x_wconf 85' lang='lat' dir='ltr'>eutem</span> <span class='ocrx_word' id='word_1_210' title='bbox 1109 2619 1150 2684; x_wconf 68' lang='lat' dir='ltr'>pr</span> 
     </span>
     <span class='ocr_line' id='line_1_29' title="bbox 158 2691 1150 2780; baseline -0.008 -21"><span class='ocrx_word' id='word_1_211' title='bbox 158 2694 229 2780; x_wconf 91' lang='lat' dir='ltr'>puli</span> <span class='ocrx_word' id='word_1_212' title='bbox 251 2694 392 2759; x_wconf 86' lang='lat' dir='ltr'>Romani</span> <span class='ocrx_word' id='word_1_213' title='bbox 414 2693 601 2759; x_wconf 87' lang='lat' dir='ltr'>condicione</span> <span class='ocrx_word' id='word_1_214' title='bbox 625 2695 734 2778; x_wconf 82' lang='lat' dir='ltr'>sociis,</span> <span class='ocrx_word' id='word_1_215' title='bbox 761 2695 894 2759; x_wconf 84' lang='lat' dir='ltr'>fortuna</span> <span class='ocrx_word' id='word_1_216' title='bbox 917 2693 1034 2776; x_wconf 81' lang='lat' dir='ltr'>servis,</span> <span class='ocrx_word' id='word_1_217' title='bbox 1057 2691 1150 2756; x_wconf 82' lang='lat' dir='ltr'>volun·</span> 
     </span>
     <span class='ocr_line' id='line_1_30' title="bbox 159 2779 1149 2867; baseline -0.002 -21"><span class='ocrx_word' id='word_1_218' title='bbox 159 2787 228 2846; x_wconf 85' lang='lat' dir='ltr'>tete</span> <span class='ocrx_word' id='word_1_219' title='bbox 242 2781 456 2867; x_wconf 82' lang='lat' dir='ltr'>supplicibas3</span> <span class='ocrx_word' id='word_1_220' title='bbox 473 2786 511 2846; x_wconf 88' lang='lat' dir='ltr'>ut</span> <span class='ocrx_word' id='word_1_221' title='bbox 526 2782 732 2867; x_wconf 82' lang='lat' dir='ltr'>perspicuum</span> <span class='ocrx_word' id='word_1_222' title='bbox 752 2782 796 2846; x_wconf 91' lang='lat' dir='ltr'>sit</span> <span class='ocrx_word' id='word_1_223' title='bbox 814 2783 974 2864; x_wconf 87' lang='lat' dir='ltr'>omnibus,</span> <span class='ocrx_word' id='word_1_224' title='bbox 991 2781 1057 2846; x_wconf 78' lang='lat' dir='ltr'>nisi</span> <span class='ocrx_word' id='word_1_225' title='bbox 1072 2779 1149 2844; x_wconf 71' lang='lat' dir='ltr'>tante</span> 
     </span>
     <span class='ocr_line' id='line_1_31' title="bbox 160 2869 1172 2954; baseline -0.002 -20"><span class='ocrx_word' id='word_1_226' title='bbox 160 2871 320 2936; x_wconf 79' lang='lat' dir='ltr'>acerbitas</span> <span class='ocrx_word' id='word_1_227' title='bbox 334 2871 480 2954; x_wconf 86' lang='lat' dir='ltr'>iniuriae,</span> <span class='ocrx_word' id='word_1_228' title='bbox 497 2874 593 2935; x_wconf 84' lang='lat' dir='ltr'>tanta</span> <span class='ocrx_word' id='word_1_229' title='bbox 606 2871 656 2935; x_wconf 86' lang='lat' dir='ltr'>vis</span> <span class='ocrx_word' id='word_1_230' title='bbox 671 2871 801 2935; x_wconf 88' lang='lat' dir='ltr'>sceleris</span> <span class='ocrx_word' id='word_1_231' title='bbox 819 2869 945 2953; x_wconf 80' lang='lat' dir='ltr'>fuisset,</span> <span class='ocrx_word' id='word_1_232' title='bbox 963 2873 1000 2934; x_wconf 88' lang='lat' dir='ltr'>ut</span> <span class='ocrx_word' id='word_1_233' title='bbox 1013 2869 1150 2952; x_wconf 72' lang='lat' dir='ltr'>Lampsa·</span> <span class='ocrx_word' id='word_1_234' title='bbox 1166 2882 1172 2899; x_wconf 59' lang='lat'>‘¹</span> 
     </span>
     <span class='ocr_line' id='line_1_32' title="bbox 159 2958 1148 3043; baseline 0.002 -22"><span class='ocrx_word' id='word_1_235' title='bbox 159 2959 230 3022; x_wconf 89' lang='lat' dir='ltr'>ceni</span> <span class='ocrx_word' id='word_1_236' title='bbox 257 2959 459 3024; x_wconf 88' lang='lat' dir='ltr'>moriendum</span> <span class='ocrx_word' id='word_1_237' title='bbox 487 2958 550 3022; x_wconf 88' lang='lat' dir='ltr'>sibi</span> <span class='ocrx_word' id='word_1_238' title='bbox 577 2960 686 3042; x_wconf 87' lang='lat' dir='ltr'>potius</span> <span class='ocrx_word' id='word_1_239' title='bbox 715 2979 812 3041; x_wconf 89' lang='lat' dir='ltr'>quam</span> <span class='ocrx_word' id='word_1_240' title='bbox 839 2958 1082 3043; x_wconf 83' lang='lat' dir='ltr'>perpetiendum</span> <span class='ocrx_word' id='word_1_241' title='bbox 1105 2971 1148 3037; x_wconf 74' lang='lat' dir='ltr'>pu·</span> 
     </span>
     <span class='ocr_line' id='line_1_33' title="bbox 158 3046 1149 3133; baseline 0.002 -25"><span class='ocrx_word' id='word_1_242' title='bbox 158 3047 281 3130; x_wconf 87' lang='lat' dir='ltr'>tarent,</span> <span class='ocrx_word' id='word_1_243' title='bbox 311 3066 491 3131; x_wconf 87' lang='lat' dir='ltr'>numquam</span> <span class='ocrx_word' id='word_1_244' title='bbox 521 3047 598 3111; x_wconf 86' lang='lat' dir='ltr'>illos</span> <span class='ocrx_word' id='word_1_245' title='bbox 630 3046 665 3110; x_wconf 91' lang='lat' dir='ltr'>in</span> <span class='ocrx_word' id='word_1_246' title='bbox 697 3067 770 3110; x_wconf 89' lang='lat' dir='ltr'>eum</span> <span class='ocrx_word' id='word_1_247' title='bbox 802 3047 910 3112; x_wconf 90' lang='lat' dir='ltr'>locum</span> <span class='ocrx_word' id='word_1_248' title='bbox 937 3057 1149 3133; x_wconf 65' lang='lat' dir='ltr'>progressuros</span> 
     </span>
     <span class='ocr_line' id='line_1_34' title="bbox 158 3129 1148 3218; baseline 0 -23"><span class='ocrx_word' id='word_1_249' title='bbox 158 3129 273 3215; x_wconf 85' lang='lat' dir='ltr'>fuisse,</span> <span class='ocrx_word' id='word_1_250' title='bbox 295 3138 333 3197; x_wconf 87' lang='lat' dir='ltr'>ut</span> <span class='ocrx_word' id='word_1_251' title='bbox 353 3134 576 3200; x_wconf 81' lang='lat' dir='ltr'>vehementius</span> <span class='ocrx_word' id='word_1_252' title='bbox 600 3133 673 3199; x_wconf 91' lang='lat' dir='ltr'>odio</span> <span class='ocrx_word' id='word_1_253' title='bbox 697 3133 841 3198; x_wconf 87' lang='lat' dir='ltr'>libidinis</span> <span class='ocrx_word' id='word_1_254' title='bbox 865 3139 940 3200; x_wconf 81' lang='lat' dir='ltr'>tuae</span> <span class='ocrx_word' id='word_1_255' title='bbox 959 3155 1058 3218; x_wconf 86' lang='lat' dir='ltr'>quam</span> <span class='ocrx_word' id='word_1_256' title='bbox 1078 3133 1148 3213; x_wconf 76' lang='lat' dir='ltr'>lege·</span> 
     </span>
    </p>

    <p class='ocr_par' dir='ltr' id='par_1_5' title="bbox 107 3217 1174 3569">
     <span class='ocr_line' id='line_1_35' title="bbox 107 3217 1148 3306; baseline -0.001 -30"><span class='ocrx_word' id='word_1_257' title='bbox 107 3228 139 3276; x_wconf 75' lang='lat'>82</span> <span class='ocrx_word' id='word_1_258' title='bbox 158 3220 258 3285; x_wconf 87' lang='lat' dir='ltr'>tionis</span> <span class='ocrx_word' id='word_1_259' title='bbox 277 3225 367 3286; x_wconf 88' lang='lat' dir='ltr'>metu</span> <span class='ocrx_word' id='word_1_260' title='bbox 385 3225 600 3288; x_wconf 82' lang='lat' dir='ltr'>moverentur.</span> <span class='ocrx_word' id='word_1_261' title='bbox 631 3221 753 3305; x_wconf 89' lang='lat' dir='ltr'>Nolite,</span> <span class='ocrx_word' id='word_1_262' title='bbox 774 3243 833 3306; x_wconf 89' lang='lat' dir='ltr'>per</span> <span class='ocrx_word' id='word_1_263' title='bbox 856 3222 933 3287; x_wconf 85' lang='lat' dir='ltr'>deos</span> <span class='ocrx_word' id='word_1_264' title='bbox 954 3217 1148 3292; x_wconf 82' lang='lat' dir='ltr'>immortales,</span> 
     </span>
     <span class='ocr_line' id='line_1_36' title="bbox 159 3304 1174 3394; baseline 0.006 -27"><span class='ocrx_word' id='word_1_265' title='bbox 159 3325 273 3388; x_wconf 83' lang='lat' dir='ltr'>cogere</span> <span class='ocrx_word' id='word_1_266' title='bbox 293 3309 397 3372; x_wconf 83' lang='lat' dir='ltr'>socios</span> <span class='ocrx_word' id='word_1_267' title='bbox 417 3314 515 3391; x_wconf 86' lang='lat' dir='ltr'>atque</span> <span class='ocrx_word' id='word_1_268' title='bbox 534 3313 661 3374; x_wconf 83' lang='lat' dir='ltr'>exteras</span> <span class='ocrx_word' id='word_1_269' title='bbox 680 3311 829 3375; x_wconf 80' lang='lat' dir='ltr'>nationes</span> <span class='ocrx_word' id='word_1_270' title='bbox 852 3310 914 3376; x_wconf 92' lang='lat' dir='ltr'>hoc</span> <span class='ocrx_word' id='word_1_271' title='bbox 936 3309 985 3374; x_wconf 92' lang='lat' dir='ltr'>uti</span> <span class='ocrx_word' id='word_1_272' title='bbox 1007 3304 1174 3394; x_wconf 64' lang='lat' dir='ltr'>perfugiat</span> 
     </span>
     <span class='ocr_line' id='line_1_37' title="bbox 160 3393 1147 3480; baseline 0.003 -28"><span class='ocrx_word' id='word_1_273' title='bbox 160 3409 238 3470; x_wconf 88' lang='lat' dir='ltr'>quo,</span> <span class='ocrx_word' id='word_1_274' title='bbox 259 3393 324 3455; x_wconf 85' lang='lat' dir='ltr'>nisi</span> <span class='ocrx_word' id='word_1_275' title='bbox 341 3413 399 3456; x_wconf 82' lang='lat' dir='ltr'>voe</span> <span class='ocrx_word' id='word_1_276' title='bbox 422 3395 608 3480; x_wconf 80' lang='lat' dir='ltr'>vindicatis,</span> <span class='ocrx_word' id='word_1_277' title='bbox 630 3400 764 3462; x_wconf 88' lang='lat' dir='ltr'>utentur</span> <span class='ocrx_word' id='word_1_278' title='bbox 781 3398 978 3463; x_wconf 78' lang='lat' dir='ltr'>necessario!</span> <span class='ocrx_word' id='word_1_279' title='bbox 1013 3397 1147 3480; x_wconf 86' lang='lat' dir='ltr'>Lampsa·</span> 
     </span>
     <span class='ocr_line' id='line_1_38' title="bbox 159 3477 1148 3569; baseline 0.004 -32"><span class='ocrx_word' id='word_1_280' title='bbox 159 3493 255 3537; x_wconf 87' lang='lat' dir='ltr'>cenos</span> <span class='ocrx_word' id='word_1_281' title='bbox 273 3477 308 3537; x_wconf 94' lang='lat' dir='ltr'>in</span> <span class='ocrx_word' id='word_1_282' title='bbox 326 3477 426 3541; x_wconf 79' lang='lat' dir='ltr'>istum</span> <span class='ocrx_word' id='word_1_283' title='bbox 443 3495 620 3562; x_wconf 78' lang='lat' dir='ltr'>numquam</span> <span class='ocrx_word' id='word_1_284' title='bbox 638 3484 707 3548; x_wconf 82' lang='lat' dir='ltr'>ulia</span> <span class='ocrx_word' id='word_1_285' title='bbox 725 3504 777 3548; x_wconf 82' lang='lat' dir='ltr'>res</span> <span class='ocrx_word' id='word_1_286' title='bbox 796 3485 990 3569; x_wconf 73' lang='lat' dir='ltr'>mitigasset,</span> <span class='ocrx_word' id='word_1_287' title='bbox 1009 3485 1071 3550; x_wconf 86' lang='lat' dir='ltr'>nisi</span> <span class='ocrx_word' id='word_1_288' title='bbox 1088 3497 1148 3546; x_wconf 89' lang='lat' dir='ltr'>eum</span> 
     </span>
    </p>
   </div>
   <div class='ocr_carea' id='block_1_3' title="bbox 0 0 1201 3938">
    <p class='ocr_par' dir='ltr' id='par_1_6' title="bbox 0 0 1201 3938">
     <span class='ocr_line' id='line_1_39' title="bbox 0 0 1201 3938; baseline 0 0"><span class='ocrx_word' id='word_1_289' title='bbox 0 0 1201 3938; x_wconf 95' lang='lat' dir='ltr'> </span> 
     </span>
    </p>
   </div>
  </div>
 </body>
</html>
