2392 3944
144 128 208 196 188
400 183 409 190 ..
439 127 479 182 ΙΝ
498 128 526 186 G.
545 125 701 182 VERREM
721 125 802 188 ACT.
821 124 864 188 11.;
904 135 909 144 ·

142 271 281 356 Fannio,
307 271 404 341 fratri
423 275 495 355 tuo,
517 271 659 354 credere3
686 270 765 336 dicit
789 269 873 334 enim
895 288 966 334 rem
987 269 1158 334 incredibi-

142 361 223 444 lem3
246 359 280 426 Ο.
298 358 435 426 Verrem
453 359 623 426 insimulat
646 358 804 424 avaritiae
827 361 860 422 et
883 357 1047 441 audaciae,
1077 379 1157 442 quae

143 449 225 514 vitia
247 449 398 514 videntur
419 449 455 513 in
477 447 623 532 quemvis
645 447 756 531 potius
780 467 878 530 quam
899 445 935 509 in
957 445 1060 510 istum
1087 468 1158 511 con-

143 537 263 602 venire.
303 537 396 604 Dixit
419 535 456 612 Q.
479 535 608 620 Tadius,
631 535 729 600 homo
752 533 1030 600 familiarissimus
1053 535 1158 618 patris

143 625 254 710 istius,
280 645 346 690 non
374 625 498 690 alienus
526 647 546 690 a
572 623 688 690 matris
716 623 785 688 eius
817 643 933 708 genere
957 625 991 686 et
1014 622 1179 706 nominem

145 714 276 780 tabulas
298 713 447 798 protulit,
470 713 587 796 quibus
609 711 780 796 pecuniam
803 732 837 778 se
860 709 987 784 dedisse
1006 711 1158 775 ostendit.

145 802 288 866 Racrva.
323 818 461 866 scursa
484 801 521 878 Q.
542 800 640 866 Tam.
677 799 821 870 Rncrva
857 800 1103 864 uusrmonmu
1126 797 1158 874 Q.

145 888 245 954 Tam.
267 887 318 953 Na
329 888 411 960 Tadi
420 889 550 973 quidem
560 889 682 960 tabulis
692 910 752 956 nec
765 885 953 954 testimonio
969 887 1158 954 credemus?

146 977 230 1054 Quid
248 977 350 1064 igitur
367 979 402 1044 in
419 977 545 1048 iudiciis
564 977 757 1061 sequemur?
784 975 869 1051 Quid
890 979 941 1042 est
955 974 1046 1040 aliud
1059 975 1158 1040 omni·

145 1066 207 1131 bus
233 1066 345 1140 omnia
372 1069 505 1152 peccata
532 1069 566 1133 et
595 1065 756 1133 maleficia
788 1064 960 1136 concedere
992 1063 1058 1128 nisi
1090 1065 1178 1147 noer

145 1154 315 1222 hominum
329 1155 550 1226 'honestorum
567 1153 764 1220 testiinoniis
781 1157 816 1218 et
833 1151 981 1218 virorum
999 1153 1156 1217 bonorum

94 1259 146 1310 129
164 1243 286 1308 tabulis
314 1265 380 1308 non
406 1243 556 1310 credere?
601 1239 688 1312 Nam
721 1241 798 1326 quid
829 1255 891 1326 ego
923 1240 962 1314 de
995 1240 1156 1306 cotidiano

147 1348 295 1396 sermone
311 1331 574 1414 querimoniaque
587 1329 701 1415 populi
711 1329 855 1400 Romani
868 1329 995 1412 loquar,
1010 1328 1049 1392 de
1062 1329 1156 1393 istius

145 1418 416 1502 inpudentissimo
453 1418 542 1484 furto
580 1439 637 1486 scu
670 1417 780 1502 potius
811 1439 896 1482 novo
929 1438 968 1481 ac
1000 1417 1155 1502 singulari

146 1505 342 1572 latrocinio?
369 1519 485 1572 ausum
508 1527 578 1572 esse
600 1507 636 1570 in
658 1505 736 1570 aede
760 1503 920 1585 Castoris,
947 1504 1175 1570 celeberrimo1

147 1593 392 1678 clarissimoque
432 1597 656 1676 monumento,
692 1593 779 1678 quod
805 1593 964 1678 templum
991 1593 1026 1658 in
1056 1593 1153 1658 oculis

147 1683 373 1767 cotidianoque
396 1686 529 1768 aspectu
551 1682 666 1768 populi
687 1681 828 1751 Romani
849 1680 994 1766 positum
1011 1685 1071 1765 est,
1094 1703 1153 1765 quo

147 1792 243 1856 saepe
274 1793 409 1838 numero
442 1775 573 1838 senatus
606 1775 814 1854 convocatur,
847 1791 911 1852 quo
942 1770 1153 1844 maximarum

146 1879 255 1926 rerum
282 1860 565 1945 frequentissimae
593 1858 710 1925 cotidie
739 1857 965 1924 advocationes
995 1857 1092 1941 fiunt,
1122 1859 1153 1922 in

148 1969 185 2012 eo
204 1949 276 2014 loco
299 1949 334 2012 in
352 1970 500 2014 sermone
518 1947 687 2013 hominum
706 1946 858 2018 audaciae
877 1966 953 2010 suae
972 1965 1153 2010 monumen-

57 2123 64 2130 ”
94 2036 662 2222 ffltumAqqqepnqpstpqlppqqqqqffl,
682 2121 720 2186 P.
737 2122 848 2188 Iunius
867 2120 984 2187 habuit
1003 2121 1152 2186 tuendam

165 2209 204 2272 de
227 2208 262 2272 L.
285 2207 377 2274 Sulla
400 2207 437 2284 Q.
458 2207 593 2274 Metello
616 2212 814 2277 consulibus.
856 2209 890 2275 Is
918 2213 1066 2274 mortuus
1092 2212 1151 2290 est3

146 2296 279 2380 reliquit
305 2297 468 2381 pupillum
494 2319 632 2382 parvum
662 2298 776 2364 filium.
826 2296 908 2363 (lum
939 2296 976 2362 L.
1003 2296 1150 2362 Octavius

146 2383 182 2451 0.
208 2384 361 2450 Aurelius
394 2386 543 2454 consules
573 2386 661 2452 aedis
689 2408 797 2452 sacras
824 2385 1028 2451 locavissent
1053 2403 1150 2468 neque

146 2473 330 2561 potuissent
358 2474 466 2540 omnia
494 2479 583 2540 sarta
609 2477 698 2540 tecta
725 2475 852 2559 exigere
879 2493 984 2557 neque
1010 2473 1034 2538 ii
1063 2493 1150 2558 prae-

147 2567 249 2646 tores,
281 2561 398 2646 quibus
430 2566 503 2628 erat
528 2562 697 2648 negotium
724 2562 849 2646 datum,
879 2559 914 2627 O.
940 2559 1093 2626 Sacerdos
1120 2563 1150 2623 et

129 2650 199 2716 ’Μι-
213 2649 356 2733 Caesius,
377 2649 501 2716 lactum
525 2655 576 2714 est
599 2653 730 2716 senatus
753 2650 951 2734 consultum,
977 2651 1091 2734 quibus
1114 2647 1149 2710 dc

148 2739 245 2804 sartis
277 2739 373 2804 tectis
404 2739 571 2824 cognitum
603 2743 637 2803 et
667 2738 844 2805 iudicatum
874 2759 941 2803 non
973 2741 1072 2822 esset,
1103 2734 1146 2799 ut'

148 2824 182 2891 O.
206 2826 325 2892 Verres
348 2827 384 2892 P.
407 2825 537 2894 Coelius
563 2830 731 2910 praetores
759 2830 992 2912 cognoscerent
1019 2831 1052 2892 et
1076 2822 1146 2896 iudi·
1159 2837 1181 2878 ιο

148 2918 267 2980 carent.
321 2913 393 2990 Qua
428 2918 593 3000 potestate
628 2915 691 2979 iste
727 2915 887 3000 permissa
917 2963 1016 2998 .....
1046 2917 1095 2979 ut·
1113 2931 1146 2974 cx

147 2997 204 3069 On.
227 3001 252 3066 F
255 3002 409 3071 annio-et
431 3025 470 3068 ex
494 3001 531 3078 Q.
553 3001 655 3068 Tadio
679 3003 887 3088 cognovistis,
912 3023 1024 3068 verum
1048 3005 1145 3066 tamen

147 3092 220 3155 cum
233 3094 330 3158 esset
352 3091 501 3156 omnibus
524 3091 560 3154 iu
581 3091 678 3156 rebus
697 3091 900 3176 apertissime
917 3086 1145 3176 impudentissi-

147 3197 262 3260 meque
289 3177 478 3262 praedatus‚
508 3179 571 3244 hoc
598 3179 702 3244 voluit
729 3179 946 3254 clarissimum
976 3180 1143 3262 relinquere

146 3263 301 3328 indicium
332 3265 578 3333 latrociniorum
611 3280 756 3351 suorum,
789 3267 827 3338 de
858 3288 923 3352 quo
954 3289 1022 3333 non
1048 3264 1142 3341 audire
1155 3275 1183 3348 ⁸⁵v

95 3357 145 3405 131
166 3347 354 3444 aliquandO,
384 3352 445 3417 scd
467 3352 576 3418 videre
608 3354 726 3418 cotidie
753 3376 931 3439 possemus.
982 3351 1141 3430 Quaesivit,

149 3452 221 3514 qma
249 3434 360 3500 aedem
389 3434 535 3502 Castoris
563 3445 685 3506 sartam
713 3445 835 3507 tectam
863 3441 995 3530 deberet
1023 3441 1142 3506 tradere.
1182 3483 1183 3496 ι
