2470 3936
324 146 434 202 ssav
462 146 689 218 0111111101
709 155 821 206 11-11.
899 111 900 114 ¹
1011 153 1076 217 457

58 290 212 376 piratae,
243 311 263 355 a
295 312 359 374 quo
391 294 537 376 tempore
569 294 658 377 capti
685 297 775 378 sunt,
807 293 913 377 quoad
939 317 998 379 per
1025 319 1077 361 me

58 379 198 444 licitum
215 381 275 462 est,
293 378 433 464 fuerunt,
450 380 513 445 hoc
531 383 582 444 est
599 381 706 465 quoad
723 401 782 466 per
799 381 852 447 M’.
866 380 1076 450 Glabrionem

58 467 198 532 licitum
221 470 284 550 est,
313 467 369 551 qui
390 468 578 553 postulante
602 491 653 534 me
675 470 810 554 produci
833 473 930 554 atque
953 471 987 536 in
1010 495 1076 537 car-

59 577 176 621 cerem
194 555 289 620 condi
306 555 488 641 imperavit.
520 555 613 632 Quod
632 561 682 622 est
699 557 831 623 huiusce
849 559 898 623 rei
914 559 975 644 ius,
994 582 1075 644 quae
1086 559 1131 623 30

31 662 44 702 ⁵
60 642 278 728 consuetudo,
292 644 378 727 quod
392 645 596 728 exemplum?
619 643 758 711 Hostem
772 646 963 712 acerrimum
978 652 1076 732 atque

59 731 318 798 infestissimum
345 733 459 817 populi
486 732 627 798 Romani
653 755 709 799 eeu
736 735 846 818 potius
874 757 1076 802 communem

60 821 200 886 hostem
219 820 365 906 gentium
386 820 620 904 nationumque
643 822 788 888 omnium
811 823 984 907 quisquam
1007 846 1076 890 0111-

60 909 159 974 nium
180 907 368 974 mortalium
386 909 534 993 privatus
557 909 645 974 intra
667 910 796 976 moenia
818 911 906 976 domi
929 930 1006 978 suae
1028 935 1076 978 re·

60 999 175 1062 tinere
188 996 332 1080 poterit?
365 995 470 1072 Quid?
493 997 522 1062 si
535 997 647 1082 pridie,
666 1019 764 1082 quam
782 1020 803 1064 a
820 1019 872 1063 me
890 1002 927 1063 tu
945 1004 1076 1066 coactus
1096 1006 1130 1056 17

23 1106 48 1147 ro
63 1108 100 1151 ee
136 1084 285 1152 confiteri
316 1083 440 1150 civibus
469 1084 626 1150 Romanis
659 1085 763 1152 securi
793 1087 954 1171 percussis
986 1109 1077 1173 prae·

62 1175 190 1240 donum
217 1172 329 1238 ducem
357 1173 478 1256 vivere,
505 1173 656 1239 habitare
679 1174 764 1258 apud
786 1178 833 1258 te,
865 1175 907 1257 si,
934 1176 1077 1260 inquam,

61 1262 173 1347 pridie
187 1261 282 1325 domo
301 1264 359 1325 tua
376 1260 584 1348 profugisset,
603 1262 632 1326 si
650 1262 794 1346 aliquam
812 1284 944 1328 manum
962 1268 1077 1328 contra

61 1371 138 1416 rem
165 1349 330 1434 publicam
356 1348 462 1414 facere
483 1350 658 1435 potuisset,
685 1350 762 1435 quid
785 1350 928 1416 diceres?
967 1351 1077 1436 ‘Apud

63 1461 119 1504 me
153 1437 331 1520 habitavit,
366 1459 491 1503 mecum
522 1438 599 1522 fuit3
631 1458 692 1523 eqo
724 1439 818 1504 illum
850 1438 891 1503 ad
921 1439 1076 1505 iudicium

25 1547 49 1588 rr
63 1547 188 1610 meum,
207 1547 270 1609 quo
289 1525 415 1590 facilius
434 1525 556 1590 crimen
572 1526 777 1598 inimicorum
796 1526 918 1591 diluere
936 1549 1077 1612 possem,

61 1617 180 1682 vivum
207 1617 305 1698 atque
331 1613 527 1678 incolumem
553 1613 737 1680 reservavi?
787 1614 880 1679 Itane
907 1616 1007 1681 vero‘?
1039 1620 1076 1680 tu

61 1709 126 1770 tua
143 1701 290 1787 perieula
308 1702 471 1770 communi
488 1702 632 1786 periculo
655 1701 828 1768 defendes?
850 1706 888 1767 tu
907 1703 1076 1787 supplicia,

63 1812 153 1877 quae
180 1790 338 1856 debentur
364 1789 514 1855 hostibus
541 1789 651 1872 victis,
677 1789 719 1854 ad
742 1793 848 1874 tuum,
875 1810 941 1854 non
965 1791 1076 1856 ad'rei

62 1880 219 1966 publicae
240 1881 370 1962 tempus
394 1877 560 1943 conferes?
585 1877 698 1962 populi
720 1876 861 1942 Romani
882 1877 989 1943 hostis
1011 1879 1076 1965 pri-

26 1968 138 2035 arati
169 1966 311 2032 hominis
325 2011 327 2016 ,
341 1965 495 2031 custodiis
523 1964 770 2030 adservabitur?
819 1954 867 2029 At
893 1965 991 2030 etiarn
1021 1967 1076 2049 qui

63 2055 276 2140 triumphant
302 2075 403 2137 eoque
432 2053 552 2119 diutius
574 2053 666 2118 vivos
689 2053 833 2120 hostium
857 2052 952 2119 duces
975 2075 1076 2118 reser-

64 2149 162 2227 vant,
197 2147 236 2207 ut
270 2142 322 2207 his
357 2163 416 2225 per
448 2141 650 2226 triumphum
685 2141 789 2206 ductis
821 2142 1075 2226 pulcherrimum

65 2231 290 2320 spectaculum
321 2229 526 2314 ffflctumque
557 2229 713 2295 victoriae
740 2230 880 2316 populus
908 2229 1074 2295 Romanus

63 2321 234 2408 percipere
260 2318 379 2403 possit,
405 2321 529 2401 tamen,
556 2339 629 2382 oum
656 2317 695 2382 de
721 2317 793 2383 foro
819 2318 854 2383 iu
876 2315 1076 2403 Capitolium

28 2429 51 2470 11
65 2429 183 2476 currus
201 2407 330 2472 flectere
346 2405 515 2490 incipiunt,
537 2405 613 2470 illos
633 2405 706 2470 duci
723 2405 759 2469 in
776 2426 935 2470 carcerem
953 2407 1075 2491 iubent,

64 2499 219 2581 idemque
232 2495 301 2560 dies
315 2497 349 2560 et
363 2493 542 2560 victoribus
559 2491 689 2577 imperii
707 2495 741 2556 et
759 2492 852 2557 victis
871 2492 959 2557 vitae
976 2493 1075 2558 finem

64 2587 159 2653 facit
199 2581 243 2649 Et
270 2603 354 2648 nunc
377 2581 527 2666 cuiquam
550 2579 644 2646 credo
668 2601 739 2645 esse
762 2579 908 2663 dubium,
937 2581 1016 2664 quin
1037 2584 1129 2648 11118

65 2676 100 2741 id
119 2673 351 2740 commissurus
362 2691 436 2736 non
452 2668 561 2752 fueris,
584 2667 777 2753 praesertim
798 2689 871 2733 cum
894 2667 1075 2752 statuisses,

65 2768 105 2828 ut
124 2762 184 2846 ais,
205 2760 268 2825 tibi
291 2779 421 2824 causam
444 2778 515 2822 esse
539 2756 714 2840 dicendam,
736 2759 774 2822 ut
796 2756 852 2820 ille
876 2755 1076 2840 archipirata

29 2870 53 2911 eo
66 2873 135 2917 non
167 2849 276 2934 potius
308 2845 413 2921 securi
443 2845 607 2926 feriretur,
640 2865 751 2928 quam,
783 2843 868 2928 quod
900 2846 971 2910 erat
999 2847 1075 2908 ante

67 2939 182 3005 oculos
207 2936 363 3022 positum,
390 2938 447 2998 tuo
470 2932 615 3018 periculo
638 2931 776 2998 viveret!
821 2928 856 2996 Si
879 2931 966 2996 enim
989 2934 1075 2997 esset

67 3031 232 3110 mortuus,
254 3028 305 3108 tu,
328 3023 383 3107 qui
404 3022 526 3087 crimen
548 3021 596 3086 ais
619 3023 654 3085 te
676 3019 843 3102 metuisse,
866 3040 1001 3104 quaero,
1024 3019 1076 3084 cui

66 3113 248 3200 probares?
284 3133 357 3179 cum
394 3113 559 3176 constaret
594 3109 694 3172 istum
726 3105 893 3191 Syracusis
928 3129 948 3171 a
982 3108 1076 3172 nullo

67 3205 176 3270 visum
208 3221 278 3266 esse
310 3198 555 3283 archipiratam,
592 3196 633 3262 ab
666 3195 817 3261 omnibus
849 3194 1076 3280 desideratum,

30 3309 54 3351 11
68 3314 143 3359 cum
170 3288 336 3354 dubitaret
361 3307 471 3369 nemo,
502 3285 581 3369 quin
607 3285 666 3350 abs
693 3287 727 3348 te
753 3282 890 3368 pecunia
917 3282 1076 3349 liberatus

69 3383 170 3463 esset,
206 3398 279 3443 cum
314 3375 413 3461 volgo
450 3374 659 3456 loquerentur
695 3371 900 3457 suppositum
936 3370 972 3435 in
1007 3371 1076 3437 ciue

7 3489 13 3496 ·
68 3469 192 3552 locum,
228 3485 323 3548 quem
358 3483 418 3547 pro
453 3461 512 3526 illo
548 3461 687 3545 probare
723 3460 838 3544 velles,
874 3480 947 3525 cum
978 3461 1016 3523 tu
1041 3461 1076 3522 te
