2386 3938
315 201 393 259 cur.
414 209 518 260 11-13
537 211 553 271 ς
572 211 677 260 se-ea
943 207 1004 270 111

40 341 159 430 dicenda,
180 346 436 433 demonstranda,
460 349 650 434 explicanda
668 352 744 413 sunt
768 348 885 431 omnia,
909 371 1007 415 eausa

39 453 85 496 ron
104 435 196 500 solum
217 437 418 521 exponenda,
445 437 500 502 sad
524 437 623 502 etiam
647 437 791 523 graviter
814 437 1005 522 copioseque

39 521 132 604 agenda
154 527 213 606 est3
239 525 468 609 perficiendum
491 529 555 610 est,
583 526 610 590 si
634 526 712 609 quid
734 547 831 612 agere
855 529 912 590 aut
933 547 1006 610 pro·
1062 574 1065 580 .

38 608 106 672 ficere
126 611 185 695 ris,
209 616 247 676 ut
273 613 421 678 homines
448 617 482 678 te
504 633 570 678 non
593 613 699 679 solum
722 613 868 697 audiant,
893 634 1006 678 verum

25 697 108 762 aelian
134 698 267 766 libenter
299 701 505 785 studioseque
537 701 679 766 audiant.
732 699 772 766 ln
808 723 871 786 quo
908 701 937 766 si
972 705 1005 766 te

38 785 142 850 nulum
165 792 282 854 natura
308 789 489 873 adiuvaret,
516 790 544 854 si
575 790 708 876 optimis
731 812 751 855 a
772 790 914 876 pueritia
941 789 1006 854 dis·

38 872 131 955 ciplinis
151 880 247 961 atquc
270 878 396 944 artibus
419 877 598 943 studuisses
621 883 654 943 et
671 879 706 943 in
723 879 776 943 his
795 879 1006 963 elaborasses,

39 959 186 1028 silitteraa
217 963 359 1031 Graecas
389 966 542 1049 Athenis,
577 988 644 1032 non
674 965 835 1051 Lilybaei,
869 965 1004 1032 Latinas

38 1045 135 1135 mnae,
154 1073 218 1118 non
231 1053 268 1118 in
281 1052 393 1119 Sicilia
411 1053 586 1139 didicisses,
607 1059 719 1120 tamen
741 1059 828 1120 esset
850 1074 1005 1139 maguum

25 1139 129 1203 ulmum
145 1161 284 1226 causam,
302 1147 372 1208 tam
390 1147 593 1228 expectatam
614 1147 647 1208 et
665 1143 835 1229 diligentia
853 1141 1005 1226 consequi

38 1227 58 1286 et
73 1229 208 1294 memoria
230 1230 404 1316 complecti
427 1234 460 1296 st
482 1230 631 1297 oratione
654 1251 840 1315 expromere
867 1234 901 1295 et
926 1251 1005 1296 voce

38 1331 61 1375 ao
76 1315 180 1382 viribus
201 1318 372 1384 sustinere.
390 1351 392 1358 ¹

81 1400 214 1470 Fortasse
233 1406 333 1472 dices:
351 1405 448 1483 ‘Quid
462 1407 563 1493 ergo?
581 1407 661 1472 haec
673 1407 709 1472 in
721 1411 755 1472 te
770 1410 846 1472 sunt
860 1404 1004 1472 omnia?
1022 1411 1058 1462 4⁰

38 1483 134 1556 Utinam
155 1495 284 1578 quidem
307 1496 428 1560 essent!
451 1517 563 1562 verum
585 1499 697 1560 tamen
717 1500 844 1561 utesse
861 1497 1006 1580 possent,

25 1593 123 1662 magno
142 1583 246 1648 studio
271 1583 352 1648 mihi
374 1607 395 1649 a
412 1584 553 1669 pueritia
570 1587 621 1648 est
639 1584 850 1650 elaboratum.
883 1583 1005 1660 Quodsi

40 1666 152 1746 egobaeo
167 1675 304 1756 propter
321 1672 578 1758 magnitudinem
596 1693 703 1737 rerum
723 1693 760 1738 ao
780 1672 1004 1736 difficultatem

41 1757 131 1838 arqui
148 1779 211 1824 non
233 1760 342 1846 potui,
367 1761 481 1844 quiin
508 1760 596 1824 omni
621 1761 690 1825 vita
716 1761 800 1824 nihil
827 1759 916 1824 aliud
943 1759 1005 1844 egi,

40 1857 104 1918 quan
123 1845 213 1933 longe
236 1852 275 1912 tu
297 1852 331 1912 te
354 1849 396 1913 ab
414 1847 466 1912 his
484 1849 580 1913 rebus
599 1848 712 1913 abesse
731 1848 900 1930 arbitrare,
923 1867 1004 1930 quas

39 1945 81 1991 uon
104 1934 188 2000 nodo
220 1939 320 2001 antea
348 1957 526 2021 numquam
558 1935 725 2022 cogitasti,
762 1935 818 1999 aed
847 1955 889 1998 ne
919 1952 1004 1998 nuuc

25 2015 139 2105 laudem,
159 2045 230 2089 cum
253 2024 289 2088 in
312 2045 366 2090 eas
389 2025 581 2110 ingrederis,
606 2045 686 2109 quae
710 2026 744 2087 et
766 2025 907 2108 quantae
930 2021 1005 2105 sint,
1017 2074 1057 2138 ,3

40 2107 155 2189 Htunicari
181 2112 300 2196 potes?
344 2111 431 2198 Ego,
463 2112 532 2198 qui,
566 2112 650 2177 siout
682 2131 793 2176 omnes
825 2110 944 2194 sciunt,
970 2109 1004 2174 in
1022 2153 1056 2202 41

39 2187 86 2256 loro
109 2197 291 2284 iudiciisque
321 2200 370 2265 ita
400 2221 523 2284 verser,
554 2203 591 2264 ut
623 2199 766 2264 eiusdem
797 2198 915 2264 aetatis
947 2201 1004 2263 aut

39 2295 103 2346 leno
114 2289 163 2350 act
178 2289 276 2373 pauci
292 2289 403 2372 plures
422 2308 537 2354 causas
556 2285 765 2370 defenderint,
784 2290 817 2352 et
835 2288 891 2370 qui
909 2308 1004 2352 omne

40 2367 142 2457 tenpus,
166 2376 253 2460 quod
280 2376 361 2440 mihi
387 2376 429 2440 ab
457 2376 634 2441 amicorum
660 2374 801 2461 negotiis
831 2375 938 2458 datur,
969 2375 1005 2440 in

25 2448 72 2516 llll
92 2461 192 2528 studiis
219 2463 451 2550 laboribusque
479 2483 680 2548 consumam,
708 2484 771 2547 quo
794 2463 941 2548 paratior
963 2463 1004 2528 ad
1100 2496 1102 2502 .

41 2547 276 2616 cumbrensem
297 2552 542 2636 promptiorque
565 2573 635 2616 esse
657 2551 789 2636 possim,
812 2556 932 2633 tamen,
956 2551 1005 2614 ita

42 2629 93 2695 1lili
110 2635 177 2704 deos
199 2639 300 2706 velim
322 2640 492 2724 propitios,
513 2643 560 2721 ut,
582 2660 655 2704 oum
672 2639 762 2704 illius
781 2639 862 2704 mihi
880 2643 1005 2721 tempo-

41 2731 69 2778 m
86 2725 160 2790 uenit
183 2728 219 2794 in
246 2732 402 2812 mentem,
429 2749 493 2812 quo
523 2728 574 2792 die
597 2727 697 2792 citato
720 2748 775 2792 reo
798 2726 879 2792 mihi
903 2725 1005 2790 dicen·

42 2799 90 2870 ltu
108 2812 151 2898 sit,
171 2837 237 2881 non
258 2816 364 2882 solum
383 2837 587 2882 commoveor
606 2815 723 2898 animo,
746 2815 802 2879 sed
820 2814 919 2878 etiam
933 2816 1004 2877 toto

25 2901 136 2978 ttorpore
155 2905 372 2988 perhorresco.
408 2903 479 2969 lam
500 2925 586 2969 nunc
612 2905 720 2968 mente
748 2906 781 2966 et
807 2900 1004 2986 cogitatione
1023 2919 1056 2968 42

43 2986 175 3074 prospicio,
202 3015 284 3078 quae
310 2997 383 3056 tum
410 2992 518 3057 studia
544 2992 725 3075 hominum,
753 2989 808 3074 qui
831 3009 1004 3053 concursus

43 3061 111 3162 btni
130 3077 199 3164 sint,
221 3082 378 3164 quantam
403 3080 658 3165 expectationem
680 3076 871 3167 magnitudo
896 3076 1006 3142 iudicii

45 3157 70 3215 ll
82 3159 212 3252 allatura,
234 3173 390 3252 quantam
409 3168 593 3232 auditorum
611 3166 853 3232 multitudinem
871 3165 1007 3230 infamia

45 3235 64 3301 ⁰·
81 3242 175 3318 Verris
205 3257 419 3338 concitatum,
453 3260 609 3341 quantam
641 3255 776 3339 denique
809 3253 1006 3318 audientiam

27 3335 145 3404 auctoni
177 3365 265 3410 meae
301 3344 496 3430 improbitas
531 3344 621 3408 illius
656 3342 784 3407 factura
815 3342 867 3407 sit.
916 3342 1006 3418 Quae

47 3432 91 3484 ΜΠ
108 3429 213 3518 cogito,
234 3433 300 3498 iam
321 3453 407 3497 nunc
430 3431 544 3515 timeo,
572 3429 725 3515 quidnam
747 3451 807 3514 pro
831 3429 1006 3494 offensione

46 3495 178 3604 l⁰mlnum,
200 3522 254 3606 qui
275 3521 327 3586 illi
349 3520 472 3586 inimici
494 3519 675 3604 infensique
699 3521 783 3600 sunt,
806 3520 839 3581 et
862 3519 1006 3610 expecta
