2404 3928
165 161 230 226 386
469 157 510 212 m
528 157 558 214 0.
571 156 725 212 VERREM
743 156 821 212 ΔΟΤ.
838 155 873 210 Π.

164 307 365 390 potestatem
380 324 447 368 uuo
463 302 604 386 imperio
620 301 769 368 ostiatim
790 304 899 368 totum
922 301 1072 386 oppidum
1091 322 1149 366 con

163 393 327 478 pilaverit
356 392 407 456 Ac
419 396 540 474 tanum
555 394 595 454 ut
606 393 719 474 posset
732 389 837 454 dicere
851 411 886 453 se
904 388 1030 473 emisse,
1047 388 1151 454 Archa

166 481 269 568 gathu
298 481 454 566 imperat,
487 481 527 543 ut
555 477 625 545 illis
656 477 794 562 aliquid,
828 499 968 561 quorum
999 482 1152 564 argeutum

164 572 281 652 luerat,
297 568 539 634 nummulorum
557 566 637 632 dicis
654 587 753 632 causa
771 565 871 630 daret.
907 564 1036 632 Invenit
1049 564 1154 631 Archa-

165 659 287 745 gatbus
313 677 448 741 paucos,
475 655 533 740 qui
558 655 681 720 vellent
708 654 865 738 accipere,
894 654 936 718 iis
964 654 1060 720 dedit.
1100 653 1172 718 llos⁵

164 765 315 810 nummos
336 749 449 808 tamen
469 743 533 808 iste
549 742 764 828 Archagatho
784 763 852 807 non
873 741 1023 808 reddidit.
1057 741 1156 808 Voluit

165 833 289 899 Romae
301 837 448 917 repetere
462 831 707 917 Archagathum
723 828 782 896 Cn.
790 829 949 896 Lentulus
962 829 1155 896 Marcellinus

165 921 329 1004 dissuasit,
347 921 432 985 sicut
447 921 556 1005 ipsum
574 920 678 984 dicere
696 919 842 984 audistis.
878 917 1003 984 Recita
1032 919 1156 984 Anon-

165 1026 274 1076 csmu
294 1027 342 1074 nr
363 1007 521 1074 Inurum
542 1023 794 1074 unsunuoruum

112 1113 148 1162 ss
230 1097 277 1162 Et
293 1119 337 1162 ne
352 1097 438 1162 forte
454 1096 619 1162 bominem
636 1095 829 1162 existimetis
847 1095 933 1162 benc
954 1099 1083 1160 tantam
1103 1095 1185 1160 vius

166 1188 398 1252 emblematum
428 1184 498 1250 siue
526 1205 625 1250 causa
652 1205 842 1250 coacervare
870 1183 1028 1266 voluisse,
1058 1183 1158 1262 videte,

165 1275 282 1360 quanti
312 1295 384 1357 vos,
420 1273 535 1357 quanti
569 1271 844 1338 existimationem
878 1272 994 1356 populi
1024 1271 1158 1352 Romani,

165 1363 280 1447 quanti
297 1363 388 1448 leges
406 1366 440 1426 et
456 1360 584 1444 iudicia,
602 1360 717 1444 quanti
733 1360 829 1426 testis
846 1357 973 1426 Siculos
991 1359 1158 1445 negotiatur

165 1472 281 1534 resque
293 1449 416 1515 feccrit
442 1447 661 1533 Posteaquam
673 1451 802 1514 tantam
815 1447 1058 1514 multitudinem
1073 1447 1159 1514 colle

165 1541 259 1623 gerat
277 1538 518 1621 emblematum,
540 1541 637 1602 utne
654 1557 755 1600 unum
773 1536 902 1619 quidem
925 1536 1076 1620 cuiquam
1096 1535 1188 1600 reli-1⁵

165 1627 299 1710 quisset,
315 1625 461 1690 instituit
474 1625 638 1690 officinam
651 1621 819 1707 Syracusis
832 1625 867 1688 in
879 1624 974 1709 regia
987 1624 1159 1688 maximam

165 1714 280 1780 Palam
306 1714 448 1779 artifices
474 1735 587 1780 omues
614 1713 792 1778 caelatores
815 1733 853 1778 ac
876 1713 1075 1778 vascularios
1096 1733 1159 1778 con·

165 1803 275 1869 vocari
304 1803 409 1886 iubet,
439 1806 473 1867 et
504 1803 573 1886 ipse
599 1822 676 1866 suos
702 1799 878 1885 compluris
906 1799 1059 1866 babebat.
1099 1799 1159 1864 Eos

166 1891 342 1975 concludit,
373 1911 526 1976 magnam
552 1889 722 1956 hominum
748 1888 999 1955 multitudinem.
1042 1887 1158 1954 Menses

164 1983 240 2045 octo
266 1979 437 2045 continuos
459 1979 511 2042 his
534 1999 615 2062 opus
636 1999 702 2041 non
724 1976 840 2060 defuit,
867 1999 940 2042 cum
963 1998 1023 2041 vas
1043 1977 1158 2042 nullum
1172 1993 1192 2032 υ

164 2067 258 2131 fieret
278 2067 344 2131 nisi
366 2088 508 2132 aureum.
543 2065 627 2130 Tum
648 2065 721 2148 illa,
743 2085 782 2130 ex
804 2065 937 2148 patellis
961 2069 996 2130 et
1017 2065 1159 2128 turibulis

165 2175 248 2238 quae
275 2154 444 2236 evelleret,
470 2153 519 2216 itu
545 2153 624 2218 scite
650 2152 686 2218 in
712 2154 818 2218 aureis
845 2153 971 2236 poculis
1000 2153 1159 2238 inligabat,

164 2241 213 2305 ita
230 2244 306 2325 apte
328 2241 364 2304 in
385 2239 526 2323 scaphiis
548 2240 655 2305 aureis
677 2241 871 2324 includebat,
892 2245 932 2305 nt
953 2248 994 2306 ea
1016 2241 1057 2306 ad
1077 2241 1159 2305 illam

164 2351 234 2394 rem
259 2333 339 2395 nata
367 2349 438 2392 esse
465 2327 600 2411 diceres3
626 2329 697 2414 ipse
723 2333 834 2394 tamen
859 2332 1007 2414 praetor,
1024 2330 1087 2413 uui
1108 2349 1160 2392 sua

164 2418 337 2504 vigilantia
354 2439 467 2502 pacem
484 2416 520 2482 iu
537 2415 649 2483 Sicilia
669 2416 747 2482 dicit
768 2417 877 2500 fnisse,
899 2417 934 2482 in
956 2417 1019 2482 hac
1042 2417 1190 2484 officinas

164 2507 321 2573 maiorem
339 2509 467 2591 partem
485 2504 549 2570 diei
566 2527 639 2571 cum
662 2505 772 2570 tunica
793 2505 885 2590 pulla
908 2505 1019 2570 sedere
1042 2505 1162 2570 solebat

137 2647 152 2660 .
165 2599 199 2660 et
244 2594 330 2660 allio.

113 2645 156 2771 ἕξ)
220 2619 321 2748 1llaec
334 2703 405 2766 ego,
421 2681 552 2765 iudices,
569 2703 635 2746 non
649 2681 800 2748 auderem
813 2680 968 2766 proferre,
984 2683 1022 2746 ui
1033 2703 1161 2762 vererer,

164 2793 206 2837 ne
223 2772 308 2837 forte
319 2771 422 2858 'plura
439 2771 478 2834 de
495 2770 561 2834 isto
580 2770 621 2835 ab
639 2769 714 2834 aliis
731 2769 767 2834 in
784 2781 931 2836 sermone
953 2792 1054 2855 quam
1075 2792 1095 2836 a
1115 2791 1162 2833 me

165 2861 201 2924 in
225 2859 344 2924 iudicio
370 2879 430 2924 vos
456 2858 585 2923 audisse
609 2857 766 2924 diceretis.
812 2857 889 2932 Quis
913 2858 999 2922 enim
1023 2862 1086 2942 est,
1112 2857 1190 2941 quir

165 2948 205 3013 de
236 2944 298 3014 buo
329 2947 472 3030 officina,
503 2947 559 3031 qui
590 2947 629 3011 de
660 2946 747 3012 vasis
774 2946 892 3028 aureis,
923 2946 980 3030 qui
1008 2947 1047 3012 dc
1073 2946 1161 3012 istius

166 3036 269 3186 gallio
298 3035 416 3119 [pullo]
441 3056 508 3101 uon
531 3033 691 3100 audierit?
731 3033 833 3110 Quem
853 3033 945 3098 voles
967 3055 985 3100 e
1009 3037 1162 3101 conventu

188 3145 367 3206 yracusano
385 3123 491 3190 uirum
513 3123 636 3188 bonum
657 3123 839 3206 nominat03
861 3122 1051 3206 producam3
1073 3143 1162 3188 nemo

113 3223 147 3286 uu
165 3211 241 3296 erit,
269 3212 347 3296 quin
372 3211 435 3276 boc
462 3233 497 3276 se
523 3211 650 3276 audisse
678 3215 735 3276 aut
761 3211 878 3276 vidisse
903 3209 998 3278 dicat.
1038 3210 1163 3276 Oten-

164 3319 259 3382 pora,
287 3321 307 3363 o
333 3301 456 3364 mores!
490 3299 573 3364 nihil
595 3299 731 3366 nimium
754 3303 846 3364 vetus
868 3297 1041 3383 proferam.
1087 3298 1190 3364 sunta

164 3386 310 3446 vestrum
342 3386 486 3468 aliquam
517 3387 626 3471 multi,
658 3387 714 3472 qui
745 3387 780 3452 L.
804 3386 954 3454 Pisonem
988 3388 1162 3472 cognorint

165 3467 261 3531 huius
284 3467 320 3532 L.
337 3469 480 3558 Pisonis,
507 3475 563 3558 qui
589 3480 721 3559 praetor
745 3476 820 3560 fuit,
842 3478 979 3560 patrem.
1019 3475 1074 3554 Ei,
1097 3496 1161 3540 cum
