2392 3944
107 939 140 988 bl

110 1991 142 2042 bl

111 3261 154 3384 a

155 165 221 228 218
455 161 495 215 ΙΝ
512 161 544 216 C.
557 161 713 215 vnum
730 161 811 216 ΔΟΤ.
828 161 862 214 11.

155 309 285 374 nomine
303 306 482 393 appellant,
502 304 735 406 bonestiasimo
752 305 825 370 loco
844 309 878 369 et
897 305 982 388 apud
998 305 1071 370 illos
1090 305 1146 369 ola-

156 392 881 567 ffi'licbdrrghliirdrirmiiilidmmssllilhdc
892 390 1148 566 qiilctiffaesligae

157 577 283 660 posset,
313 571 518 638 conservavit
543 592 582 634 ac
607 569 760 652 reddidit,
787 572 899 635 statua
930 572 980 634 est
1010 572 1060 650 [ex
1084 591 1150 633 aere

158 663 273 744 factal,
303 661 350 725 ibi
374 660 557 724 inauratam
583 659 678 722 istius
706 662 739 721 et
767 658 906 722 alteram
927 658 996 724 filio
1020 660 1187 722 sanans*

158 753 329 836 ponerent,
355 751 405 830 ut,
432 747 509 810 dum
534 746 630 810 istius
656 745 799 810 hominis
826 745 985 810 memoria
1010 750 1151 827 maneret,
1186 761 1187 796 l

160 842 291 902 senatus
312 835 533 920 Syracusanus
556 835 626 898 sine
647 834 791 898 lacrimis
814 838 848 897 et
872 833 997 920 gemitu
1018 834 1151 898 incuria

160 947 324 990 essenon
350 927 470 1009 posset.
518 922 581 986 Per
608 921 737 988 eosdem
764 922 859 986 istius
886 921 1062 1005 furtorum,
1081 921 1153 985 iniu-

160 1015 283 1080 riarum
318 1033 517 1095 uxorumque
554 1010 658 1075 sooios
694 1009 790 1074 istius
826 1009 964 1094 imperio
997 1010 1151 1095 Syracusis
1186 1029 1187 1052 i

160 1102 330 1169 Marcellia
347 1101 509 1166 tolluntur
530 1099 671 1163 maximo
696 1098 820 1184 gemitu
843 1103 877 1162 ct
899 1098 990 1163 luctu
1014 1098 1152 1178 civitatis,
1164 1111 1187 1152 1⁰*

162 1214 257 1276 quem
289 1189 340 1256 illi
369 1189 454 1253 diem
479 1188 601 1252 festum
628 1209 700 1251 oum
727 1187 910 1251 recentibus
937 1187 1098 1252 beneficiis
1124 1184 1152 1248 C.

160 1279 308 1344 Marcelli
331 1277 476 1343 debitum
498 1275 688 1359 reddebant,
714 1277 785 1338 tum
809 1275 933 1360 generi,
960 1275 1095 1358 nomini,
1115 1274 1153 1336 l·
1186 1296 1187 1310 ¹

162 1367 270 1432 miliae
307 1365 535 1430 Marcellorum
575 1363 717 1428 maxima
757 1362 926 1428 voluntate
968 1363 1154 1428 tribuebant.
1186 1384 1187 1422 1

161 1454 367 1520 Mithridates
394 1453 429 1516 in
451 1451 544 1535 Asia,
571 1474 644 1517 oum
671 1472 742 1516 eam
765 1451 966 1535 provinciam
988 1454 1091 1516 totam
1112 1471 1154 1514 oc·
1186 1473 1187 1510 ς

162 1544 325 1626 cupasset,
357 1538 463 1606 Mucia
494 1561 561 1604 non
588 1539 729 1606 sustulit.
779 1537 907 1622 Hostis,
939 1542 973 1603 et
1000 1539 1101 1604 hostis
1126 1539 1187 1600 inu

163 1628 278 1694 ceteris
297 1627 392 1694 rebus
411 1627 507 1692 nimis
525 1627 614 1693 ferus
637 1631 670 1692 et
692 1627 852 1709 immanis,
875 1631 987 1691 tamen
1009 1627 1154 1692 honorem
1186 1651 1187 1690 2

162 1715 303 1784 hominia
323 1715 456 1782 deorum
479 1716 636 1801 religione
658 1718 881 1780 consecratum
903 1715 1029 1780 violare
1049 1715 1157 1791 noluit;
1186 1741 1187 1777 1

162 1808 200 1872 tu
219 1803 439 1910 Syracusanos
459 1826 559 1870 unum
578 1803 662 1868 diem
679 1804 799 1868 festum
817 1803 982 1868 Marcellis
999 1802 1156 1889 impertire
1186 1847 1187 1868 r

162 1893 310 1978 nolu1ati,
342 1915 400 1978 per
432 1914 513 1977 quos
544 1892 595 1956 illi
625 1891 734 1976 adepti
761 1895 849 1975 sunt,
881 1894 918 1956 ut
945 1896 1070 1957 ceteros
1097 1891 1155 1954 dies
1186 1947 1187 1956 ,

162 1980 264 2046 festos
299 1981 425 2066 agitare
478 1980 612 2044 ossent‘?
661 1979 708 2044 At
737 2001 815 2044 vero
846 1979 1051 2064 praeclarum
1083 1980 1187 2046 diens

162 2068 229 2132 illis
249 2067 432 2150 reposuisti,
455 2003 571 2130 larris
589 2070 626 2130 ut
645 2071 789 2152 agerent,
810 2071 843 2131 et
860 2071 907 2151 ut,-
930 2067 972 2132 ad
990 2090 1064 2132 eum
1083 2068 1156 2131 dien

163 2175 245 2237 quae
265 2153 364 2218 sacris
382 2152 550 2237 epulisque
569 2174 650 2236 opus
669 2159 787 2241 esseut,
809 2155 844 2219 in
864 2156 1042 2240 compluris
1065 2175 1156 2221 annos
1186 2184 1187 2222 i

163 2241 359 2305 locarentur!
399 2239 470 2304 Iam
487 2239 523 2304 in
544 2241 638 2306 tanta
659 2241 755 2309 istius
777 2242 979 2329 impudentia
1001 2244 1156 2309 remitten-

163 2329 237 2392 dum
257 2327 380 2411 aliquid
398 2327 534 2412 videtur,
552 2351 593 2393 ne
612 2331 721 2396 omnia
739 2331 980 2416 contendamus,
1000 2354 1041 2397 nc
1059 2330 1157 2397 omnia
1186 2363 1187 2400 ς

163 2417 361 2483 cumdolore
380 2437 477 2503 agere
495 2417 670 2483 videamur.
701 2417 787 2484 Nam
806 2441 857 2484 me
876 2419 953 2503 dies,
971 2442 1044 2503 vox,
1062 2420 1187 2490 lateret

164 2505 323 2589 deficiant,
346 2505 374 2570 si
392 2505 454 2570 hoo
471 2527 556 2571 nunc
574 2507 745 2572 vociferari
763 2507 869 2592 velim,
892 2529 990 2592 quam
1014 2509 1157 2572 miserum
1186 2533 1187 2578 i

162 2595 396 2681 indignumque
415 2594 458 2658 sit
480 2593 576 2658 istius
598 2595 729 2659 nornine
752 2595 837 2679 apud
860 2617 916 2660 eos
940 2595 1026 2660 diem
1046 2597 1156 2661 festum
1186 2627 1187 2636 κ

163 2705 243 2768 esee,
266 2682 321 2766 qui
339 2704 374 2746 se
396 2681 492 2746 istius
515 2704 614 2767 opera
635 2681 781 2748 funditus
804 2682 964 2748 extinctos
988 2705 1058 2749 esse
1081 2682 1156 2748 arbi-

162 2776 300 2838 trantur.
341 2769 501 2835 OVerria
523 2771 703 2854 praeclara!
736 2791 813 2855 quo,
836 2793 970 2855 quaeso,
995 2771 1156 2850 accessisti,

163 2882 226 2944 quo
241 2882 307 2925 non
325 2858 474 2925 attuleris
488 2858 589 2922 istum
602 2860 709 2924 tecum
725 2858 831 2924 diem?
862 2858 996 2924 Etenim
1015 2882 1112 2944 quam
1126 2862 1157 2921 tu

163 2948 306 3030 domum,
341 2968 438 3032 quam
469 2946 583 3010 urbem
615 2946 742 3030 adisti,
759 2946 845 3031 quod
875 2946 991 3013 fanum
1023 2948 1157 3032 denique,

164 3035 250 3118 quod
270 3056 336 3099 non
358 3037 624 3136 eversumnatque
647 3037 810 3135 artersum
832 3035 1026 3119 reliqueris?
1062 3034 1157 3111 Quare

164 3119 1157 3293 :ll{lattumulatus&⁰0¹3.3¹2qu

230 3291 333 3368 Quam
351 3295 447 3360 facila
466 3299 576 3380 serpat
594 3296 712 3361 iniuria
730 3301 764 3361 et
783 3298 937 3383 peccandi
960 3297 1185 3376 consuetudo,³⁶

165 3397 261 3440 uuam
289 3401 355 3443 non
383 3380 479 3445 facilc
505 3383 714 3468 reprimatur,
745 3385 865 3468 ridete,
896 3385 1027 3452 iudices.
1075 3385 1155 3450 Bidis

336 3468 386 3527 est
405 3469 501 3531 tenue
524 3490 615 3552 sans,
637 3491 704 3535 non
726 3471 822 3557 longe
846 3494 865 3537 a
888 3470 1065 3556 Syracusis.
1102 3472 1156 3538 Ilio
