<?xml version="1.0" encoding="UTF-8"?>
<!DOCTYPE html PUBLIC "-//W3C//DTD XHTML 1.0 Transitional//EN"
    "http://www.w3.org/TR/xhtml1/DTD/xhtml1-transitional.dtd">
<html xmlns="http://www.w3.org/1999/xhtml" xml:lang="en" lang="en">
 <head>
  <title>
</title>
<meta http-equiv="Content-Type" content="text/html;charset=utf-8" />
  <meta name='ocr-system' content='tesseract 3.04.00' />
  <meta name='ocr-capabilities' content='ocr_page ocr_carea ocr_par ocr_line ocrx_word'/>
</head>
<body>
  <div class='ocr_page' id='page_1' title='image "./mtulliiciceroni02mlgoog/mtulliiciceroni02mlgoog_0134.png"; bbox 0 0 2422 3952; ppageno 0'>
   <div class='ocr_carea' id='block_1_1' title="bbox 345 173 1023 242">
    <p class='ocr_par' dir='ltr' id='par_1_1' title="bbox 345 173 1023 242">
     <span class='ocr_line' id='line_1_1' title="bbox 345 173 1023 242; baseline 0.022 -15"><span class='ocrx_word' id='word_1_1' title='bbox 345 173 420 232; x_wconf 74' lang='lat' dir='ltr'>ens.</span> <span class='ocrx_word' id='word_1_2' title='bbox 437 179 540 231; x_wconf 83' lang='lat' dir='ltr'>1s-1r</span> <span class='ocrx_word' id='word_1_3' title='bbox 559 181 574 242; x_wconf 74' lang='lat' dir='ltr'>s</span> <span class='ocrx_word' id='word_1_4' title='bbox 591 181 705 232; x_wconf 83' lang='lat' dir='ltr'>so-ae.</span> <span class='ocrx_word' id='word_1_5' title='bbox 982 177 1023 242; x_wconf 73' lang='lat'>17</span> 
     </span>
    </p>
   </div>
   <div class='ocr_carea' id='block_1_2' title="bbox 24 313 1129 3658">
    <p class='ocr_par' dir='ltr' id='par_1_2' title="bbox 30 313 1100 757">
     <span class='ocr_line' id='line_1_2' title="bbox 49 313 1100 402; baseline 0.01 -25"><span class='ocrx_word' id='word_1_6' title='bbox 49 313 112 379; x_wconf 85' lang='lat' dir='ltr'>duee</span> <span class='ocrx_word' id='word_1_7' title='bbox 138 317 275 402; x_wconf 71' lang='lat' dir='ltr'>fuerunt,</span> <span class='ocrx_word' id='word_1_8' title='bbox 307 316 476 393; x_wconf 80' lang='lat' dir='ltr'>Quinctius</span> <span class='ocrx_word' id='word_1_9' title='bbox 508 318 550 382; x_wconf 89' lang='lat' dir='ltr'>ad</span> <span class='ocrx_word' id='word_1_10' title='bbox 580 319 802 386; x_wconf 77' lang='lat' dir='ltr'>vadimonium</span> <span class='ocrx_word' id='word_1_11' title='bbox 830 339 897 386; x_wconf 91' lang='lat' dir='ltr'>non</span> <span class='ocrx_word' id='word_1_12' title='bbox 925 322 1023 386; x_wconf 84' lang='lat' dir='ltr'>venit.</span> <span class='ocrx_word' id='word_1_13' title='bbox 1095 370 1100 379; x_wconf 77' lang='grc'><strong>-</strong></span> 
     </span>
     <span class='ocr_line' id='line_1_3' title="bbox 49 401 1023 493; baseline 0.009 -27"><span class='ocrx_word' id='word_1_14' title='bbox 49 401 112 477; x_wconf 76' lang='lat' dir='ltr'>Quid</span> <span class='ocrx_word' id='word_1_15' title='bbox 136 404 229 492; x_wconf 74' lang='lat' dir='ltr'>agol’</span> <span class='ocrx_word' id='word_1_16' title='bbox 260 403 295 470; x_wconf 84' lang='lat' dir='ltr'>Si</span> <span class='ocrx_word' id='word_1_17' title='bbox 322 407 504 472; x_wconf 78' lang='lat' dir='ltr'>mehercule</span> <span class='ocrx_word' id='word_1_18' title='bbox 530 407 610 472; x_wconf 88' lang='lat' dir='ltr'>haee</span> <span class='ocrx_word' id='word_1_19' title='bbox 637 412 745 493; x_wconf 81' lang='lat' dir='ltr'>tecum</span> <span class='ocrx_word' id='word_1_20' title='bbox 772 408 834 474; x_wconf 91' lang='lat' dir='ltr'>duo</span> <span class='ocrx_word' id='word_1_21' title='bbox 857 410 957 474; x_wconf 84' lang='lat' dir='ltr'>verbs</span> <span class='ocrx_word' id='word_1_22' title='bbox 978 410 1023 475; x_wconf 83' lang='lat' dir='ltr'>fe-</span> 
     </span>
     <span class='ocr_line' id='line_1_4' title="bbox 47 491 1024 581; baseline 0.008 -27"><span class='ocrx_word' id='word_1_23' title='bbox 47 491 136 556; x_wconf 77' lang='lat' dir='ltr'>cisses:</span> <span class='ocrx_word' id='word_1_24' title='bbox 165 491 259 568; x_wconf 75' lang='lat' dir='ltr'>‘Quid</span> <span class='ocrx_word' id='word_1_25' title='bbox 288 494 397 580; x_wconf 77' lang='lat' dir='ltr'>ago?&#39;‚</span> <span class='ocrx_word' id='word_1_26' title='bbox 424 495 618 580; x_wconf 76' lang='lat' dir='ltr'>respirasset</span> <span class='ocrx_word' id='word_1_27' title='bbox 646 496 807 581; x_wconf 79' lang='lat' dir='ltr'>cupiditas</span> <span class='ocrx_word' id='word_1_28' title='bbox 831 500 928 580; x_wconf 89' lang='lat' dir='ltr'>atque</span> <span class='ocrx_word' id='word_1_29' title='bbox 951 520 1024 562; x_wconf 85' lang='lat' dir='ltr'>ava-</span> 
     </span>
     <span class='ocr_line' id='line_1_5' title="bbox 47 579 1024 670; baseline 0.008 -28"><span class='ocrx_word' id='word_1_30' title='bbox 47 579 116 663; x_wconf 81' lang='lat' dir='ltr'>ritie,</span> <span class='ocrx_word' id='word_1_31' title='bbox 135 583 266 666; x_wconf 85' lang='lat' dir='ltr'>paulum</span> <span class='ocrx_word' id='word_1_32' title='bbox 285 583 408 666; x_wconf 85' lang='lat' dir='ltr'>aliquid</span> <span class='ocrx_word' id='word_1_33' title='bbox 429 582 492 648; x_wconf 87' lang='lat' dir='ltr'>looi</span> <span class='ocrx_word' id='word_1_34' title='bbox 515 583 635 648; x_wconf 89' lang='lat' dir='ltr'>rationi</span> <span class='ocrx_word' id='word_1_35' title='bbox 657 588 691 648; x_wconf 90' lang='lat' dir='ltr'>et</span> <span class='ocrx_word' id='word_1_36' title='bbox 713 584 849 650; x_wconf 90' lang='lat' dir='ltr'>oonsilio</span> <span class='ocrx_word' id='word_1_37' title='bbox 873 584 1024 670; x_wconf 82' lang='lat' dir='ltr'>dedisses,</span> 
     </span>
     <span class='ocr_line' id='line_1_6' title="bbox 30 670 1024 757; baseline 0.006 -25"><span class='ocrx_word' id='word_1_38' title='bbox 30 670 72 731; x_wconf 69' lang='lat' dir='ltr'>itu</span> <span class='ocrx_word' id='word_1_39' title='bbox 93 673 120 732; x_wconf 83' lang='lat' dir='ltr'>te</span> <span class='ocrx_word' id='word_1_40' title='bbox 145 671 345 757; x_wconf 82' lang='lat' dir='ltr'>collegisses,</span> <span class='ocrx_word' id='word_1_41' title='bbox 371 691 438 738; x_wconf 88' lang='lat' dir='ltr'>non</span> <span class='ocrx_word' id='word_1_42' title='bbox 463 671 497 735; x_wconf 93' lang='lat' dir='ltr'>in</span> <span class='ocrx_word' id='word_1_43' title='bbox 521 691 592 736; x_wconf 87' lang='lat' dir='ltr'>eam</span> <span class='ocrx_word' id='word_1_44' title='bbox 614 672 848 757; x_wconf 74' lang='lat' dir='ltr'>turpitudinem</span> <span class='ocrx_word' id='word_1_45' title='bbox 870 673 1024 756; x_wconf 87' lang='lat' dir='ltr'>venisses,</span> 
     </span>
    </p>

    <p class='ocr_par' dir='ltr' id='par_1_3' title="bbox 46 755 1024 1088">
     <span class='ocr_line' id='line_1_7' title="bbox 46 755 1024 846; baseline 0.008 -28"><span class='ocrx_word' id='word_1_46' title='bbox 46 758 72 818; x_wconf 87' lang='lat' dir='ltr'>ut</span> <span class='ocrx_word' id='word_1_47' title='bbox 92 755 145 822; x_wconf 81' lang='lat' dir='ltr'>hoe</span> <span class='ocrx_word' id='word_1_48' title='bbox 169 759 232 823; x_wconf 89' lang='lat' dir='ltr'>tibi</span> <span class='ocrx_word' id='word_1_49' title='bbox 259 763 345 824; x_wconf 85' lang='lat' dir='ltr'>esset</span> <span class='ocrx_word' id='word_1_50' title='bbox 371 757 458 844; x_wconf 84' lang='lat' dir='ltr'>apud</span> <span class='ocrx_word' id='word_1_51' title='bbox 484 757 567 824; x_wconf 86' lang='lat' dir='ltr'>tales</span> <span class='ocrx_word' id='word_1_52' title='bbox 590 759 678 826; x_wconf 78' lang='lat' dir='ltr'>viros</span> <span class='ocrx_word' id='word_1_53' title='bbox 701 761 932 845; x_wconf 83' lang='lat' dir='ltr'>confitendum,</span> <span class='ocrx_word' id='word_1_54' title='bbox 960 781 1024 846; x_wconf 86' lang='lat' dir='ltr'>que</span> 
     </span>
     <span class='ocr_line' id='line_1_8' title="bbox 46 843 1024 933; baseline 0.009 -28"><span class='ocrx_word' id='word_1_55' title='bbox 46 843 90 907; x_wconf 88' lang='lat' dir='ltr'>tibi</span> <span class='ocrx_word' id='word_1_56' title='bbox 104 846 318 912; x_wconf 80' lang='lat' dir='ltr'>vudhnonium</span> <span class='ocrx_word' id='word_1_57' title='bbox 340 846 473 913; x_wconf 88' lang='lat' dir='ltr'>nonsit</span> <span class='ocrx_word' id='word_1_58' title='bbox 496 847 635 933; x_wconf 87' lang='lat' dir='ltr'>obitum,</span> <span class='ocrx_word' id='word_1_59' title='bbox 658 849 770 914; x_wconf 89' lang='lat' dir='ltr'>eadem</span> <span class='ocrx_word' id='word_1_60' title='bbox 792 853 824 914; x_wconf 86' lang='lat' dir='ltr'>te</span> <span class='ocrx_word' id='word_1_61' title='bbox 847 850 929 915; x_wconf 88' lang='lat' dir='ltr'>hora</span> <span class='ocrx_word' id='word_1_62' title='bbox 952 873 1024 916; x_wconf 89' lang='lat' dir='ltr'>oon·</span> 
     </span>
     <span class='ocr_line' id='line_1_9' title="bbox 46 931 1023 1022; baseline 0.009 -28"><span class='ocrx_word' id='word_1_63' title='bbox 46 931 130 996; x_wconf 84' lang='lat' dir='ltr'>silium</span> <span class='ocrx_word' id='word_1_64' title='bbox 162 937 286 1020; x_wconf 78' lang='lat' dir='ltr'>cepisse</span> <span class='ocrx_word' id='word_1_65' title='bbox 320 931 461 1001; x_wconf 87' lang='lat' dir='ltr'>hominis</span> <span class='ocrx_word' id='word_1_66' title='bbox 493 935 668 1022; x_wconf 85' lang='lat' dir='ltr'>propinqui</span> <span class='ocrx_word' id='word_1_67' title='bbox 699 937 847 1003; x_wconf 77' lang='lat' dir='ltr'>fortunas</span> <span class='ocrx_word' id='word_1_68' title='bbox 878 938 1023 1004; x_wconf 83' lang='lat' dir='ltr'>funditus</span> 
     </span>
     <span class='ocr_line' id='line_1_10' title="bbox 46 1024 170 1088; baseline 0.032 -4"><span class='ocrx_word' id='word_1_69' title='bbox 46 1024 170 1088; x_wconf 81' lang='lat' dir='ltr'>uertere.</span> 
     </span>
    </p>

    <p class='ocr_par' dir='ltr' id='par_1_4' title="bbox 24 1086 1077 1549">
     <span class='ocr_line' id='line_1_11' title="bbox 24 1086 1077 1212; baseline 0.006 -40"><span class='ocrx_word' id='word_1_70' title='bbox 24 1123 39 1162; x_wconf 76' lang='lat' dir='ltr'>n</span> <span class='ocrx_word' id='word_1_71' title='bbox 93 1108 157 1196; x_wconf 77' lang='lat' dir='ltr'>Ego</span> <span class='ocrx_word' id='word_1_72' title='bbox 182 1133 245 1198; x_wconf 90' lang='lat' dir='ltr'>pro</span> <span class='ocrx_word' id='word_1_73' title='bbox 272 1116 306 1177; x_wconf 89' lang='lat' dir='ltr'>te</span> <span class='ocrx_word' id='word_1_74' title='bbox 332 1131 418 1178; x_wconf 84' lang='lat' dir='ltr'>mma</span> <span class='ocrx_word' id='word_1_75' title='bbox 444 1112 505 1176; x_wconf 91' lang='lat' dir='ltr'>hos</span> <span class='ocrx_word' id='word_1_76' title='bbox 526 1113 662 1178; x_wconf 85' lang='lat' dir='ltr'>eonsnlo</span> <span class='ocrx_word' id='word_1_77' title='bbox 685 1117 761 1197; x_wconf 86' lang='lat' dir='ltr'>post</span> <span class='ocrx_word' id='word_1_78' title='bbox 784 1118 912 1198; x_wconf 88' lang='lat' dir='ltr'>tempus</span> <span class='ocrx_word' id='word_1_79' title='bbox 935 1118 968 1180; x_wconf 84' lang='lat' dir='ltr'>et</span> <span class='ocrx_word' id='word_1_80' title='bbox 990 1086 1077 1212; x_wconf 41' lang='lat' dir='ltr'>ini}</span> 
     </span>
     <span class='ocr_line' id='line_1_12' title="bbox 47 1196 1024 1286; baseline 0.007 -27"><span class='ocrx_word' id='word_1_81' title='bbox 47 1196 199 1286; x_wconf 83' lang='lat' dir='ltr'>alienare,</span> <span class='ocrx_word' id='word_1_82' title='bbox 227 1200 383 1284; x_wconf 81' lang='lat' dir='ltr'>quoniam</span> <span class='ocrx_word' id='word_1_83' title='bbox 409 1200 508 1264; x_wconf 86' lang='lat' dir='ltr'>tuin</span> <span class='ocrx_word' id='word_1_84' title='bbox 535 1205 593 1265; x_wconf 85' lang='lat' dir='ltr'>tua</span> <span class='ocrx_word' id='word_1_85' title='bbox 619 1219 668 1284; x_wconf 87' lang='lat' dir='ltr'>re,</span> <span class='ocrx_word' id='word_1_86' title='bbox 693 1221 767 1266; x_wconf 90' lang='lat' dir='ltr'>oum</span> <span class='ocrx_word' id='word_1_87' title='bbox 793 1205 921 1286; x_wconf 87' lang='lat' dir='ltr'>tempus</span> <span class='ocrx_word' id='word_1_88' title='bbox 945 1205 1024 1286; x_wconf 88' lang='lat' dir='ltr'>erat,</span> 
     </span>
     <span class='ocr_line' id='line_1_13' title="bbox 47 1287 1024 1374; baseline 0.008 -28"><span class='ocrx_word' id='word_1_89' title='bbox 47 1288 184 1352; x_wconf 74' lang='lat' dir='ltr'>condere</span> <span class='ocrx_word' id='word_1_90' title='bbox 216 1289 341 1354; x_wconf 86' lang='lat' dir='ltr'>oblitus</span> <span class='ocrx_word' id='word_1_91' title='bbox 374 1309 421 1372; x_wconf 72' lang='lat' dir='ltr'>es,</span> <span class='ocrx_word' id='word_1_92' title='bbox 454 1308 573 1372; x_wconf 87' lang='lat' dir='ltr'>quaero</span> <span class='ocrx_word' id='word_1_93' title='bbox 606 1289 664 1353; x_wconf 87' lang='lat' dir='ltr'>ebs</span> <span class='ocrx_word' id='word_1_94' title='bbox 691 1293 739 1367; x_wconf 87' lang='lat' dir='ltr'>te,</span> <span class='ocrx_word' id='word_1_95' title='bbox 772 1287 807 1354; x_wconf 78' lang='grc' dir='ltr'>Ο.</span> <span class='ocrx_word' id='word_1_96' title='bbox 831 1288 958 1374; x_wconf 86' lang='lat' dir='ltr'>Aquili,</span> <span class='ocrx_word' id='word_1_97' title='bbox 989 1289 1024 1354; x_wconf 87' lang='lat' dir='ltr'>L.</span> 
     </span>
     <span class='ocr_line' id='line_1_14' title="bbox 46 1369 1024 1459; baseline 0.007 -24"><span class='ocrx_word' id='word_1_98' title='bbox 46 1369 132 1459; x_wconf 87' lang='lat' dir='ltr'>Lueili,</span> <span class='ocrx_word' id='word_1_99' title='bbox 148 1375 181 1441; x_wconf 90' lang='lat' dir='ltr'>P.</span> <span class='ocrx_word' id='word_1_100' title='bbox 191 1375 358 1459; x_wconf 76' lang='lat' dir='ltr'>Quinctili,</span> <span class='ocrx_word' id='word_1_101' title='bbox 376 1376 419 1440; x_wconf 91' lang='lat' dir='ltr'>M.</span> <span class='ocrx_word' id='word_1_102' title='bbox 429 1376 594 1442; x_wconf 77' lang='lat' dir='ltr'>Marcelle:</span> <span class='ocrx_word' id='word_1_103' title='bbox 612 1375 843 1442; x_wconf 81' lang='lat' dir='ltr'>Vadimonium</span> <span class='ocrx_word' id='word_1_104' title='bbox 859 1379 941 1442; x_wconf 91' lang='lat' dir='ltr'>mihi</span> <span class='ocrx_word' id='word_1_105' title='bbox 959 1399 1024 1442; x_wconf 90' lang='lat' dir='ltr'>non</span> 
     </span>
     <span class='ocr_line' id='line_1_15' title="bbox 48 1461 1024 1549; baseline 0.008 -27"><span class='ocrx_word' id='word_1_106' title='bbox 48 1461 108 1526; x_wconf 82' lang='lat' dir='ltr'>obiit</span> <span class='ocrx_word' id='word_1_107' title='bbox 122 1464 252 1548; x_wconf 80' lang='lat' dir='ltr'>quidam</span> <span class='ocrx_word' id='word_1_108' title='bbox 276 1465 381 1530; x_wconf 80' lang='lat' dir='ltr'>socius</span> <span class='ocrx_word' id='word_1_109' title='bbox 404 1469 438 1529; x_wconf 85' lang='lat' dir='ltr'>et</span> <span class='ocrx_word' id='word_1_110' title='bbox 457 1465 567 1529; x_wconf 83' lang='lat' dir='ltr'>affinis</span> <span class='ocrx_word' id='word_1_111' title='bbox 589 1485 693 1549; x_wconf 89' lang='lat' dir='ltr'>meus,</span> <span class='ocrx_word' id='word_1_112' title='bbox 716 1463 846 1549; x_wconf 82' lang='lat' dir='ltr'>quicum</span> <span class='ocrx_word' id='word_1_113' title='bbox 869 1467 948 1531; x_wconf 91' lang='lat' dir='ltr'>mihi</span> <span class='ocrx_word' id='word_1_114' title='bbox 971 1487 1024 1530; x_wconf 87' lang='lat' dir='ltr'>ne·</span> 
     </span>
    </p>

    <p class='ocr_par' dir='ltr' id='par_1_5' title="bbox 24 1551 1026 1990">
     <span class='ocr_line' id='line_1_16' title="bbox 24 1551 1024 1640; baseline 0.006 -28"><span class='ocrx_word' id='word_1_115' title='bbox 24 1551 178 1618; x_wconf 67' lang='lat' dir='ltr'>tussiendo</span> <span class='ocrx_word' id='word_1_116' title='bbox 205 1557 316 1637; x_wconf 79' lang='lat' dir='ltr'>retus,</span> <span class='ocrx_word' id='word_1_117' title='bbox 343 1553 564 1618; x_wconf 77' lang='lat' dir='ltr'>eontrorersia</span> <span class='ocrx_word' id='word_1_118' title='bbox 587 1553 627 1618; x_wconf 89' lang='lat' dir='ltr'>de</span> <span class='ocrx_word' id='word_1_119' title='bbox 648 1574 684 1617; x_wconf 89' lang='lat' dir='ltr'>re</span> <span class='ocrx_word' id='word_1_120' title='bbox 706 1555 892 1640; x_wconf 73' lang='lat' dir='ltr'>pecuniaria</span> <span class='ocrx_word' id='word_1_121' title='bbox 914 1575 1024 1620; x_wconf 87' lang='lat' dir='ltr'>reeens</span> 
     </span>
     <span class='ocr_line' id='line_1_17' title="bbox 48 1635 1025 1727; baseline 0.006 -27"><span class='ocrx_word' id='word_1_122' title='bbox 48 1635 200 1725; x_wconf 71' lang='lat' dir='ltr'>intercedit,</span> <span class='ocrx_word' id='word_1_123' title='bbox 229 1642 404 1726; x_wconf 83' lang='lat' dir='ltr'>postulone</span> <span class='ocrx_word' id='word_1_124' title='bbox 432 1663 451 1710; x_wconf 87' lang='lat' dir='ltr'>a</span> <span class='ocrx_word' id='word_1_125' title='bbox 477 1645 641 1727; x_wconf 86' lang='lat' dir='ltr'>praetore,</span> <span class='ocrx_word' id='word_1_126' title='bbox 670 1645 708 1707; x_wconf 91' lang='lat' dir='ltr'>ut</span> <span class='ocrx_word' id='word_1_127' title='bbox 735 1643 803 1707; x_wconf 88' lang='lat' dir='ltr'>eius</span> <span class='ocrx_word' id='word_1_128' title='bbox 830 1643 917 1708; x_wconf 83' lang='lat' dir='ltr'>bona</span> <span class='ocrx_word' id='word_1_129' title='bbox 944 1643 1025 1707; x_wconf 91' lang='lat' dir='ltr'>mihi</span> 
     </span>
     <span class='ocr_line' id='line_1_18' title="bbox 49 1729 1025 1813; baseline 0.004 -23"><span class='ocrx_word' id='word_1_130' title='bbox 49 1729 180 1806; x_wconf 84' lang='lat' dir='ltr'>possidere</span> <span class='ocrx_word' id='word_1_131' title='bbox 208 1729 321 1811; x_wconf 81' lang='lat' dir='ltr'>liceat,</span> <span class='ocrx_word' id='word_1_132' title='bbox 348 1751 405 1813; x_wconf 85' lang='lat' dir='ltr'>an,</span> <span class='ocrx_word' id='word_1_133' title='bbox 432 1749 505 1794; x_wconf 86' lang='lat' dir='ltr'>enm</span> <span class='ocrx_word' id='word_1_134' title='bbox 532 1729 655 1794; x_wconf 83' lang='lat' dir='ltr'>Romae</span> <span class='ocrx_word' id='word_1_135' title='bbox 680 1729 798 1794; x_wconf 87' lang='lat' dir='ltr'>domus</span> <span class='ocrx_word' id='word_1_136' title='bbox 827 1731 908 1813; x_wconf 87' lang='lat' dir='ltr'>eius,</span> <span class='ocrx_word' id='word_1_137' title='bbox 935 1750 1025 1811; x_wconf 82' lang='lat' dir='ltr'>uxor,</span> 
     </span>
     <span class='ocr_line' id='line_1_19' title="bbox 49 1812 1026 1902; baseline 0.007 -27"><span class='ocrx_word' id='word_1_138' title='bbox 49 1812 118 1879; x_wconf 84' lang='lat' dir='ltr'>liberi</span> <span class='ocrx_word' id='word_1_139' title='bbox 134 1819 206 1902; x_wconf 91' lang='lat' dir='ltr'>sint,</span> <span class='ocrx_word' id='word_1_140' title='bbox 230 1817 363 1882; x_wconf 91' lang='lat' dir='ltr'>domum</span> <span class='ocrx_word' id='word_1_141' title='bbox 380 1817 490 1902; x_wconf 89' lang='lat' dir='ltr'>potius</span> <span class='ocrx_word' id='word_1_142' title='bbox 510 1817 717 1883; x_wconf 83' lang='lat' dir='ltr'>denuntiem?</span> <span class='ocrx_word' id='word_1_143' title='bbox 754 1817 839 1892; x_wconf 79' lang='lat' dir='ltr'>Quid</span> <span class='ocrx_word' id='word_1_144' title='bbox 855 1821 916 1899; x_wconf 85' lang='lat' dir='ltr'>est,</span> <span class='ocrx_word' id='word_1_145' title='bbox 939 1818 1026 1901; x_wconf 92' lang='lat' dir='ltr'>quod</span> 
     </span>
     <span class='ocr_line' id='line_1_20' title="bbox 48 1899 1025 1990; baseline 0.005 -25"><span class='ocrx_word' id='word_1_146' title='bbox 48 1899 92 1965; x_wconf 84' lang='lat' dir='ltr'>har</span> <span class='ocrx_word' id='word_1_147' title='bbox 112 1906 239 1971; x_wconf 82' lang='lat' dir='ltr'>tandem</span> <span class='ocrx_word' id='word_1_148' title='bbox 268 1905 307 1970; x_wconf 89' lang='lat' dir='ltr'>de</span> <span class='ocrx_word' id='word_1_149' title='bbox 333 1923 368 1969; x_wconf 85' lang='lat' dir='ltr'>re</span> <span class='ocrx_word' id='word_1_150' title='bbox 395 1905 488 1970; x_wconf 85' lang='lat' dir='ltr'>vobis</span> <span class='ocrx_word' id='word_1_151' title='bbox 515 1906 620 1990; x_wconf 88' lang='lat' dir='ltr'>possit</span> <span class='ocrx_word' id='word_1_152' title='bbox 643 1904 769 1970; x_wconf 82' lang='lat' dir='ltr'>videri?</span> <span class='ocrx_word' id='word_1_153' title='bbox 810 1904 974 1988; x_wconf 87' lang='lat' dir='ltr'>Profecto,</span> <span class='ocrx_word' id='word_1_154' title='bbox 997 1905 1025 1970; x_wconf 89' lang='lat' dir='ltr'>si</span> 
     </span>
    </p>

    <p class='ocr_par' dir='ltr' id='par_1_6' title="bbox 24 1992 1025 2255">
     <span class='ocr_line' id='line_1_21' title="bbox 24 1992 1025 2079; baseline 0.008 -29"><span class='ocrx_word' id='word_1_155' title='bbox 24 1995 111 2055; x_wconf 65' lang='lat' dir='ltr'>*reete</span> <span class='ocrx_word' id='word_1_156' title='bbox 137 1999 282 2059; x_wconf 76' lang='lat' dir='ltr'>vestram</span> <span class='ocrx_word' id='word_1_157' title='bbox 311 1994 491 2058; x_wconf 83' lang='lat' dir='ltr'>bonitatem</span> <span class='ocrx_word' id='word_1_158' title='bbox 519 1997 616 2078; x_wconf 85' lang='lat' dir='ltr'>atque</span> <span class='ocrx_word' id='word_1_159' title='bbox 643 1992 850 2078; x_wconf 85' lang='lat' dir='ltr'>prudentiam</span> <span class='ocrx_word' id='word_1_160' title='bbox 877 1993 1025 2079; x_wconf 82' lang='lat' dir='ltr'>cognovi,</span> 
     </span>
     <span class='ocr_line' id='line_1_22' title="bbox 48 2079 1025 2166; baseline 0.007 -26"><span class='ocrx_word' id='word_1_161' title='bbox 48 2097 94 2140; x_wconf 86' lang='lat' dir='ltr'>uon</span> <span class='ocrx_word' id='word_1_162' title='bbox 115 2083 253 2147; x_wconf 82' lang='lat' dir='ltr'>multum</span> <span class='ocrx_word' id='word_1_163' title='bbox 275 2101 327 2146; x_wconf 87' lang='lat' dir='ltr'>me</span> <span class='ocrx_word' id='word_1_164' title='bbox 348 2079 450 2165; x_wconf 80' lang='lat' dir='ltr'>fallit,</span> <span class='ocrx_word' id='word_1_165' title='bbox 477 2081 506 2145; x_wconf 89' lang='lat' dir='ltr'>si</span> <span class='ocrx_word' id='word_1_166' title='bbox 528 2081 754 2165; x_wconf 67' lang='lat' dir='ltr'>consulemini,</span> <span class='ocrx_word' id='word_1_167' title='bbox 783 2081 859 2166; x_wconf 86' lang='lat' dir='ltr'>quid</span> <span class='ocrx_word' id='word_1_168' title='bbox 882 2081 954 2146; x_wconf 88' lang='lat' dir='ltr'>sitis</span> <span class='ocrx_word' id='word_1_169' title='bbox 978 2103 1025 2147; x_wconf 89' lang='lat' dir='ltr'>re-</span> 
     </span>
     <span class='ocr_line' id='line_1_23' title="bbox 49 2169 1025 2255; baseline 0.004 -22"><span class='ocrx_word' id='word_1_170' title='bbox 49 2170 182 2247; x_wconf 72' lang='lat' dir='ltr'>sponsuri:</span> <span class='ocrx_word' id='word_1_171' title='bbox 214 2169 357 2255; x_wconf 84' lang='lat' dir='ltr'>primum</span> <span class='ocrx_word' id='word_1_172' title='bbox 385 2173 584 2254; x_wconf 76' lang='lat' dir='ltr'>exspectare,</span> <span class='ocrx_word' id='word_1_173' title='bbox 616 2169 743 2254; x_wconf 88' lang='lat' dir='ltr'>deinde,</span> <span class='ocrx_word' id='word_1_174' title='bbox 771 2170 802 2234; x_wconf 88' lang='lat' dir='ltr'>si</span> <span class='ocrx_word' id='word_1_175' title='bbox 828 2170 960 2235; x_wconf 86' lang='lat' dir='ltr'>latitare</span> <span class='ocrx_word' id='word_1_176' title='bbox 989 2190 1025 2238; x_wconf 87' lang='lat' dir='ltr'>ae</span> 
     </span>
    </p>

    <p class='ocr_par' dir='ltr' id='par_1_7' title="bbox 49 2251 1025 2343">
     <span class='ocr_line' id='line_1_24' title="bbox 49 2251 1025 2343; baseline 0.01 -29"><span class='ocrx_word' id='word_1_177' title='bbox 49 2251 141 2322; x_wconf 90' lang='lat' dir='ltr'>diutius</span> <span class='ocrx_word' id='word_1_178' title='bbox 158 2259 325 2324; x_wconf 81' lang='lat' dir='ltr'>ludificare</span> <span class='ocrx_word' id='word_1_179' title='bbox 343 2258 499 2341; x_wconf 85' lang='lat' dir='ltr'>videatur,</span> <span class='ocrx_word' id='word_1_180' title='bbox 522 2258 642 2322; x_wconf 84' lang='lat' dir='ltr'>amieos</span> <span class='ocrx_word' id='word_1_181' title='bbox 662 2257 840 2338; x_wconf 81' lang='lat' dir='ltr'>convenire,</span> <span class='ocrx_word' id='word_1_182' title='bbox 863 2280 1025 2343; x_wconf 87' lang='lat' dir='ltr'>quaerere,</span> 
     </span>
    </p>

    <p class='ocr_par' dir='ltr' id='par_1_8' title="bbox 50 2341 1025 2436">
     <span class='ocr_line' id='line_1_25' title="bbox 50 2341 1025 2436; baseline 0.005 -30"><span class='ocrx_word' id='word_1_183' title='bbox 50 2341 100 2423; x_wconf 86' lang='lat' dir='ltr'>quis</span> <span class='ocrx_word' id='word_1_184' title='bbox 112 2350 298 2430; x_wconf 81' lang='lat' dir='ltr'>procurator</span> <span class='ocrx_word' id='word_1_185' title='bbox 312 2346 364 2430; x_wconf 86' lang='lat' dir='ltr'>sit,</span> <span class='ocrx_word' id='word_1_186' title='bbox 378 2346 509 2410; x_wconf 91' lang='lat' dir='ltr'>domum</span> <span class='ocrx_word' id='word_1_187' title='bbox 524 2345 720 2412; x_wconf 87' lang='lat' dir='ltr'>denuntiare.</span> <span class='ocrx_word' id='word_1_188' title='bbox 751 2345 826 2412; x_wconf 87' lang='lat' dir='ltr'>Diei</span> <span class='ocrx_word' id='word_1_189' title='bbox 839 2347 893 2412; x_wconf 82' lang='lat' dir='ltr'>uix</span> <span class='ocrx_word' id='word_1_190' title='bbox 907 2350 1025 2436; x_wconf 89' lang='lat' dir='ltr'>potest,</span> 
     </span>
    </p>

    <p class='ocr_par' dir='ltr' id='par_1_9' title="bbox 27 2433 1129 2870">
     <span class='ocr_line' id='line_1_26' title="bbox 27 2433 1025 2520; baseline 0.007 -26"><span class='ocrx_word' id='word_1_191' title='bbox 27 2439 121 2510; x_wconf 64' lang='lat' dir='ltr'>¹⁵quan</span> <span class='ocrx_word' id='word_1_192' title='bbox 145 2436 252 2500; x_wconf 87' lang='lat' dir='ltr'>multa</span> <span class='ocrx_word' id='word_1_193' title='bbox 279 2435 357 2518; x_wconf 90' lang='lat' dir='ltr'>sint,</span> <span class='ocrx_word' id='word_1_194' title='bbox 385 2455 467 2520; x_wconf 87' lang='lat' dir='ltr'>quse</span> <span class='ocrx_word' id='word_1_195' title='bbox 493 2434 714 2518; x_wconf 85' lang='lat' dir='ltr'>respondeatis</span> <span class='ocrx_word' id='word_1_196' title='bbox 741 2438 817 2500; x_wconf 89' lang='lat' dir='ltr'>ante</span> <span class='ocrx_word' id='word_1_197' title='bbox 839 2433 909 2500; x_wconf 89' lang='lat' dir='ltr'>fieri</span> <span class='ocrx_word' id='word_1_198' title='bbox 932 2458 1025 2520; x_wconf 91' lang='lat' dir='ltr'>opor·</span> 
     </span>
     <span class='ocr_line' id='line_1_27' title="bbox 50 2519 1025 2608; baseline 0.005 -25"><span class='ocrx_word' id='word_1_199' title='bbox 50 2519 108 2604; x_wconf 77' lang='lat' dir='ltr'>tere,</span> <span class='ocrx_word' id='word_1_200' title='bbox 135 2545 233 2608; x_wconf 86' lang='lat' dir='ltr'>quam</span> <span class='ocrx_word' id='word_1_201' title='bbox 264 2523 306 2587; x_wconf 85' lang='lat' dir='ltr'>ad</span> <span class='ocrx_word' id='word_1_202' title='bbox 336 2523 420 2588; x_wconf 85' lang='lat' dir='ltr'>hane</span> <span class='ocrx_word' id='word_1_203' title='bbox 449 2522 609 2588; x_wconf 88' lang='lat' dir='ltr'>rationem</span> <span class='ocrx_word' id='word_1_204' title='bbox 638 2526 815 2588; x_wconf 87' lang='lat' dir='ltr'>extremam</span> <span class='ocrx_word' id='word_1_205' title='bbox 844 2525 1025 2588; x_wconf 78' lang='lat' dir='ltr'>necessario</span> 
     </span>
     <span class='ocr_line' id='line_1_28' title="bbox 51 2603 1078 2696; baseline 0.01 -26"><span class='ocrx_word' id='word_1_206' title='bbox 51 2603 176 2676; x_wconf 78' lang='lat' dir='ltr'>duenire.</span> <span class='ocrx_word' id='word_1_207' title='bbox 204 2611 291 2696; x_wconf 77' lang='lat' dir='ltr'>Quid</span> <span class='ocrx_word' id='word_1_208' title='bbox 304 2611 345 2676; x_wconf 85' lang='lat' dir='ltr'>ad</span> <span class='ocrx_word' id='word_1_209' title='bbox 357 2611 438 2676; x_wconf 85' lang='lat' dir='ltr'>haee</span> <span class='ocrx_word' id='word_1_210' title='bbox 447 2607 613 2676; x_wconf 81' lang='lat' dir='ltr'>Naevius?</span> <span class='ocrx_word' id='word_1_211' title='bbox 631 2608 728 2676; x_wconf 86' lang='lat' dir='ltr'>Ridet</span> <span class='ocrx_word' id='word_1_212' title='bbox 740 2612 865 2677; x_wconf 79' lang='lat' dir='ltr'>seilicet</span> <span class='ocrx_word' id='word_1_213' title='bbox 879 2616 1025 2676; x_wconf 87' lang='lat' dir='ltr'>nostram</span> <span class='ocrx_word' id='word_1_214' title='bbox 1045 2631 1078 2682; x_wconf 80' lang='lat'>55</span> 
     </span>
     <span class='ocr_line' id='line_1_29' title="bbox 52 2699 1129 2784; baseline 0.006 -28"><span class='ocrx_word' id='word_1_215' title='bbox 52 2699 204 2780; x_wconf 71' lang='lat' dir='ltr'>ruendam,</span> <span class='ocrx_word' id='word_1_216' title='bbox 222 2699 281 2784; x_wconf 89' lang='lat' dir='ltr'>qui</span> <span class='ocrx_word' id='word_1_217' title='bbox 298 2699 333 2764; x_wconf 92' lang='lat' dir='ltr'>in</span> <span class='ocrx_word' id='word_1_218' title='bbox 350 2699 420 2764; x_wconf 85' lang='lat' dir='ltr'>vita</span> <span class='ocrx_word' id='word_1_219' title='bbox 438 2719 497 2764; x_wconf 89' lang='lat' dir='ltr'>sua</span> <span class='ocrx_word' id='word_1_220' title='bbox 513 2699 674 2764; x_wconf 88' lang='lat' dir='ltr'>rationem</span> <span class='ocrx_word' id='word_1_221' title='bbox 693 2700 810 2764; x_wconf 89' lang='lat' dir='ltr'>summi</span> <span class='ocrx_word' id='word_1_222' title='bbox 829 2699 929 2765; x_wconf 84' lang='lat' dir='ltr'>officii</span> <span class='ocrx_word' id='word_1_223' title='bbox 947 2699 1027 2763; x_wconf 84' lang='lat' dir='ltr'>desi·</span> <span class='ocrx_word' id='word_1_224' title='bbox 1127 2765 1129 2770; x_wconf 72' lang='grc'><strong>,</strong></span> 
     </span>
     <span class='ocr_line' id='line_1_30' title="bbox 53 2778 1026 2870; baseline 0.002 -23"><span class='ocrx_word' id='word_1_225' title='bbox 53 2778 167 2852; x_wconf 77' lang='lat' dir='ltr'>luemus</span> <span class='ocrx_word' id='word_1_226' title='bbox 198 2791 233 2852; x_wconf 91' lang='lat' dir='ltr'>et</span> <span class='ocrx_word' id='word_1_227' title='bbox 264 2787 418 2852; x_wconf 84' lang='lat' dir='ltr'>instituta</span> <span class='ocrx_word' id='word_1_228' title='bbox 448 2787 593 2853; x_wconf 78' lang='lat' dir='ltr'>virorum</span> <span class='ocrx_word' id='word_1_229' title='bbox 624 2787 783 2853; x_wconf 84' lang='lat' dir='ltr'>bonorum</span> <span class='ocrx_word' id='word_1_230' title='bbox 815 2786 1026 2870; x_wconf 86' lang='lat' dir='ltr'>requiramus.</span> 
     </span>
    </p>

    <p class='ocr_par' dir='ltr' id='par_1_10' title="bbox 30 2864 1082 3578">
     <span class='ocr_line' id='line_1_31' title="bbox 30 2864 1028 2960; baseline -0.005 -18"><span class='ocrx_word' id='word_1_231' title='bbox 30 2864 125 2942; x_wconf 67' lang='lat' dir='ltr'>l&#39;Quid</span> <span class='ocrx_word' id='word_1_232' title='bbox 148 2873 255 2954; x_wconf 87' lang='lat' dir='ltr'>mihi&#39;,</span> <span class='ocrx_word' id='word_1_233' title='bbox 281 2876 400 2960; x_wconf 90' lang='lat' dir='ltr'>inquit,</span> <span class='ocrx_word' id='word_1_234' title='bbox 428 2875 516 2940; x_wconf 78' lang='lat' dir='ltr'>‘eum</span> <span class='ocrx_word' id='word_1_235' title='bbox 543 2876 609 2940; x_wconf 87' lang='lat' dir='ltr'>ista</span> <span class='ocrx_word' id='word_1_236' title='bbox 636 2878 789 2956; x_wconf 87' lang='lat' dir='ltr'>[summa]</span> <span class='ocrx_word' id='word_1_237' title='bbox 814 2873 1028 2939; x_wconf 84' lang='lat' dir='ltr'>sanctimonia</span> 
     </span>
     <span class='ocr_line' id='line_1_32' title="bbox 53 2960 1027 3050; baseline 0.008 -33"><span class='ocrx_word' id='word_1_238' title='bbox 53 2960 274 3050; x_wconf 70' lang='lat' dir='ltr'>indiligentia?</span> <span class='ocrx_word' id='word_1_239' title='bbox 308 2962 468 3047; x_wconf 89' lang='lat' dir='ltr'>viderint&#39;,</span> <span class='ocrx_word' id='word_1_240' title='bbox 490 2964 604 3048; x_wconf 86' lang='lat' dir='ltr'>inquit,</span> <span class='ocrx_word' id='word_1_241' title='bbox 627 2963 704 3030; x_wconf 76' lang='lat' dir='ltr'>‘ista</span> <span class='ocrx_word' id='word_1_242' title='bbox 727 2962 834 3029; x_wconf 82' lang='lat' dir='ltr'>officia</span> <span class='ocrx_word' id='word_1_243' title='bbox 856 2961 918 3026; x_wconf 78' lang='lat' dir='ltr'>viri</span> <span class='ocrx_word' id='word_1_244' title='bbox 940 2961 1027 3044; x_wconf 88' lang='lat' dir='ltr'>boni,</span> 
     </span>
     <span class='ocr_line' id='line_1_33' title="bbox 54 3041 1028 3136; baseline 0.002 -24"><span class='ocrx_word' id='word_1_245' title='bbox 54 3041 138 3114; x_wconf 76' lang='lat' dir='ltr'>deme</span> <span class='ocrx_word' id='word_1_246' title='bbox 159 3057 268 3118; x_wconf 80' lang='lat' dir='ltr'>autem</span> <span class='ocrx_word' id='word_1_247' title='bbox 290 3053 338 3116; x_wconf 84' lang='lat' dir='ltr'>ita</span> <span class='ocrx_word' id='word_1_248' title='bbox 360 3052 575 3117; x_wconf 82' lang='lat' dir='ltr'>considerent:</span> <span class='ocrx_word' id='word_1_249' title='bbox 602 3073 668 3117; x_wconf 91' lang='lat' dir='ltr'>non</span> <span class='ocrx_word' id='word_1_250' title='bbox 691 3051 769 3136; x_wconf 87' lang='lat' dir='ltr'>quid</span> <span class='ocrx_word' id='word_1_251' title='bbox 791 3050 944 3134; x_wconf 82' lang='lat' dir='ltr'>habeam,</span> <span class='ocrx_word' id='word_1_252' title='bbox 972 3049 1028 3114; x_wconf 88' lang='lat' dir='ltr'>sed</span> 
     </span>
     <span class='ocr_line' id='line_1_34' title="bbox 55 3134 1028 3224; baseline 0.004 -25"><span class='ocrx_word' id='word_1_253' title='bbox 55 3134 143 3212; x_wconf 81' lang='lat' dir='ltr'>quibus</span> <span class='ocrx_word' id='word_1_254' title='bbox 159 3141 255 3205; x_wconf 74' lang='lat' dir='ltr'>rebus</span> <span class='ocrx_word' id='word_1_255' title='bbox 273 3139 462 3223; x_wconf 85' lang='lat' dir='ltr'>invenerim,</span> <span class='ocrx_word' id='word_1_256' title='bbox 480 3143 647 3224; x_wconf 87' lang='lat' dir='ltr'>quaerant,</span> <span class='ocrx_word' id='word_1_257' title='bbox 670 3143 704 3204; x_wconf 89' lang='lat' dir='ltr'>et</span> <span class='ocrx_word' id='word_1_258' title='bbox 723 3161 818 3224; x_wconf 82' lang='lat' dir='ltr'>quem</span> <span class='ocrx_word' id='word_1_259' title='bbox 836 3137 1028 3204; x_wconf 87' lang='lat' dir='ltr'>admodum</span> 
     </span>
     <span class='ocr_line' id='line_1_35' title="bbox 55 3225 1028 3313; baseline 0.003 -25"><span class='ocrx_word' id='word_1_260' title='bbox 55 3225 124 3290; x_wconf 74' lang='lat' dir='ltr'>ntus</span> <span class='ocrx_word' id='word_1_261' title='bbox 133 3231 235 3313; x_wconf 86' lang='lat' dir='ltr'>etque</span> <span class='ocrx_word' id='word_1_262' title='bbox 245 3232 342 3312; x_wconf 81' lang='lat' dir='ltr'>paeto</span> <span class='ocrx_word' id='word_1_263' title='bbox 356 3228 508 3294; x_wconf 74' lang='lat' dir='ltr'>educatus</span> <span class='ocrx_word' id='word_1_264' title='bbox 522 3229 593 3293; x_wconf 90' lang='lat' dir='ltr'>sim.</span> <span class='ocrx_word' id='word_1_265' title='bbox 612 3228 760 3312; x_wconf 71' lang='lat' dir='ltr'>Memini,</span> <span class='ocrx_word' id='word_1_266' title='bbox 774 3230 867 3294; x_wconf 84' lang='lat' dir='ltr'>vetus</span> <span class='ocrx_word' id='word_1_267' title='bbox 882 3230 942 3310; x_wconf 87' lang='lat' dir='ltr'>est,</span> <span class='ocrx_word' id='word_1_268' title='bbox 956 3225 1028 3291; x_wconf 75' lang='lat' dir='ltr'>“de</span> 
     </span>
     <span class='ocr_line' id='line_1_36' title="bbox 35 3311 1028 3401; baseline 0.008 -30"><span class='ocrx_word' id='word_1_269' title='bbox 35 3311 158 3380; x_wconf 70' lang='lat' dir='ltr'>lrunru</span> <span class='ocrx_word' id='word_1_270' title='bbox 174 3317 296 3382; x_wconf 89' lang='lat' dir='ltr'>multo</span> <span class='ocrx_word' id='word_1_271' title='bbox 315 3316 473 3381; x_wconf 87' lang='lat' dir='ltr'>faoilius</span> <span class='ocrx_word' id='word_1_272' title='bbox 493 3317 652 3382; x_wconf 75' lang='lat' dir='ltr'>divitem</span> <span class='ocrx_word' id='word_1_273' title='bbox 671 3339 782 3400; x_wconf 86' lang='lat' dir='ltr'>quam</span> <span class='ocrx_word' id='word_1_274' title='bbox 800 3319 949 3401; x_wconf 87' lang='lat' dir='ltr'>patrem</span> <span class='ocrx_word' id='word_1_275' title='bbox 972 3314 1028 3379; x_wconf 87' lang='lat' dir='ltr'>fa·</span> 
     </span>
     <span class='ocr_line' id='line_1_37' title="bbox 57 3397 1082 3489; baseline 0.01 -30"><span class='ocrx_word' id='word_1_276' title='bbox 57 3397 154 3467; x_wconf 86' lang='lat' dir='ltr'>nilies</span> <span class='ocrx_word' id='word_1_277' title='bbox 170 3404 261 3470; x_wconf 83' lang='lat' dir='ltr'>fieri</span> <span class='ocrx_word' id='word_1_278' title='bbox 279 3403 441 3489; x_wconf 86' lang='lat' dir='ltr'>posse”.’</span> <span class='ocrx_word' id='word_1_279' title='bbox 476 3403 566 3470; x_wconf 87' lang='lat' dir='ltr'>Haeo</span> <span class='ocrx_word' id='word_1_280' title='bbox 584 3405 649 3487; x_wconf 90' lang='lat' dir='ltr'>ille,</span> <span class='ocrx_word' id='word_1_281' title='bbox 668 3405 696 3469; x_wconf 89' lang='lat' dir='ltr'>si</span> <span class='ocrx_word' id='word_1_282' title='bbox 714 3404 821 3470; x_wconf 83' lang='lat' dir='ltr'>verbis</span> <span class='ocrx_word' id='word_1_283' title='bbox 839 3422 906 3468; x_wconf 88' lang='lat' dir='ltr'>non</span> <span class='ocrx_word' id='word_1_284' title='bbox 924 3402 1029 3483; x_wconf 88' lang='lat' dir='ltr'>audet,</span> <span class='ocrx_word' id='word_1_285' title='bbox 1048 3422 1082 3469; x_wconf 80' lang='lat' dir='ltr'>se</span> 
     </span>
     <span class='ocr_line' id='line_1_38' title="bbox 58 3489 1029 3578; baseline -0.006 -23"><span class='ocrx_word' id='word_1_286' title='bbox 58 3499 79 3544; x_wconf 82' lang='lat' dir='ltr'>u</span> <span class='ocrx_word' id='word_1_287' title='bbox 89 3490 199 3570; x_wconf 76' lang='lat' dir='ltr'>qudem</span> <span class='ocrx_word' id='word_1_288' title='bbox 213 3513 293 3558; x_wconf 86' lang='lat' dir='ltr'>vera</span> <span class='ocrx_word' id='word_1_289' title='bbox 305 3494 415 3578; x_wconf 87' lang='lat' dir='ltr'>palam</span> <span class='ocrx_word' id='word_1_290' title='bbox 428 3494 583 3577; x_wconf 87' lang='lat' dir='ltr'>loquitur.</span> <span class='ocrx_word' id='word_1_291' title='bbox 612 3492 743 3558; x_wconf 80' lang='lat' dir='ltr'>Etenim</span> <span class='ocrx_word' id='word_1_292' title='bbox 757 3493 788 3556; x_wconf 89' lang='lat' dir='ltr'>si</span> <span class='ocrx_word' id='word_1_293' title='bbox 800 3491 873 3556; x_wconf 81' lang='lat' dir='ltr'>vult</span> <span class='ocrx_word' id='word_1_294' title='bbox 886 3489 1029 3554; x_wconf 81' lang='lat' dir='ltr'>virorum</span> 
     </span>
    </p>

    <p class='ocr_par' dir='ltr' id='par_1_11' title="bbox 93 3597 813 3658">
     <span class='ocr_line' id='line_1_39' title="bbox 93 3597 813 3658; baseline 0.006 -18"><span class='ocrx_word' id='word_1_295' title='bbox 93 3598 176 3650; x_wconf 72' lang='lat' dir='ltr'>clun,</span> <span class='ocrx_word' id='word_1_296' title='bbox 190 3609 208 3648; x_wconf 80' lang='grc' dir='ltr'>ι,</span> <span class='ocrx_word' id='word_1_297' title='bbox 549 3651 551 3658; x_wconf 21' lang='lat' dir='ltr'>y</span> <span class='ocrx_word' id='word_1_298' title='bbox 797 3597 813 3644; x_wconf 74' lang='grc'><strong>2</strong></span> 
     </span>
    </p>
   </div>
   <div class='ocr_carea' id='block_1_3' title="bbox 0 0 1224 3952">
    <p class='ocr_par' dir='ltr' id='par_1_12' title="bbox 0 0 1224 3952">
     <span class='ocr_line' id='line_1_40' title="bbox 0 0 1224 3952; baseline 0 0"><span class='ocrx_word' id='word_1_299' title='bbox 0 0 1224 3952; x_wconf 95' lang='lat' dir='ltr'> </span> 
     </span>
    </p>
   </div>
  </div>
 </body>
</html>
