2470 3936
322 127 390 182 nra.
404 127 430 181 v
461 127 538 184 cnr.
556 134 661 185 oe-as
679 135 695 197 s
715 135 863 186 rar-roe.
1029 131 1094 198 491

85 272 275 338 Romanum
295 293 332 338 se
354 293 425 338 esse
448 271 584 339 dicebat
621 271 657 338 si
677 279 716 338 tn
738 274 824 359 apud
841 273 959 340 Persas
982 280 1039 341 aut
1061 277 1096 342 in

87 363 236 426 extrema
276 359 369 425 India
411 360 600 446 deprensus,
639 359 772 446 Verres,
815 363 859 427 ad
900 364 1094 448 supplioinm

86 449 255 532 (incerere,
287 448 364 534 quid
396 448 483 514 aliud
512 449 712 534 clamitares,
742 450 867 517 uisite
893 450 996 517 aivam
1025 474 1094 518 esse

85 535 296 603 Romanum?
319 539 363 620 et,
384 537 414 602 si
430 536 492 604 tibi
510 538 624 623 ignoto
643 538 729 622 apud
750 539 892 624 ignotos,
914 539 1001 625 apud
1022 540 1095 606 bar

58 626 204 710 abaros,
230 625 317 709 apud
342 625 491 690 homines
516 627 553 690 in
574 627 726 692 extremis
750 632 847 710 atqua
869 627 995 692 ultimis
1019 647 1095 714 gen·

81 713 181 779 „tibus
211 712 337 798 positos
366 713 478 778 nobile
511 719 545 779 et
570 713 698 779 illustre
725 713 812 800 apud
838 736 950 783 omnes
976 737 1096 782 nomen

87 801 234 868 civitatis
257 805 333 868 tuae
354 801 544 887 profuisset,
570 802 640 886 ille,
664 803 810 888 quisquis
833 808 917 889 erat,
940 825 1035 888 quem
1058 807 1096 870 tu

85 891 127 956 in
143 911 271 956 erucem
287 890 447 976 rapiebas,
470 890 526 974 qui
544 889 606 954 tibi
625 896 710 957 esset
732 891 874 977 ignotus,
896 914 970 958 cum
992 893 1095 958 civem

87 999 125 1044 se
148 977 331 1043 Romanum
354 999 426 1044 esse
448 978 582 1062 diceret,
609 979 750 1064 apudte
771 983 956 1064 praetorem
979 981 1096 1046 sinon

48 1087 74 1129 ιο
88 1067 261 1153 effugium,
286 1086 327 1131 ne
353 1087 492 1131 moramv
508 1066 636 1151 quidem
663 1066 778 1133 mortis
806 1068 970 1133 mentione
996 1073 1095 1153 atque

87 1155 302 1240 usurpatione
316 1154 458 1220 civitatis
473 1155 602 1239 assequi
619 1154 749 1241 potuit?
787 1155 945 1221 Homines
963 1160 1076 1222 tennes
1097 1131 1148 1259 lh?

88 1243 229 1310 obscuro
251 1245 323 1309 loeo
344 1243 415 1308 nati
436 1243 607 1330 navigant,
634 1243 754 1308 adeunt
777 1243 818 1309 ad
840 1265 879 1309 ea
901 1245 986 1328 loos,
1012 1266 1094 1330 quae

86 1353 268 1416 numquam
286 1335 383 1396 antea
398 1331 558 1415 viderunt,
580 1331 637 1396 ubi
654 1353 760 1416 noque
776 1333 848 1397 noti
865 1353 936 1398 esse
957 1333 1007 1417 iis,
1030 1352 1094 1418 quo

87 1421 256 1504 venerunt,
273 1439 377 1503 neque
392 1439 519 1503 semper
533 1441 607 1484 enm
620 1419 844 1506 cognitoribus
859 1441 930 1485 esre
948 1427 1094 1506 possunt.
1121 1482 1123 1488 .

50 1527 74 1569 1⁵
87 1508 161 1575 Hae
174 1529 239 1573 una
252 1512 363 1573 umen
374 1507 493 1574 fiducia
506 1508 649 1573 uirtutis
663 1529 730 1572 non
743 1507 840 1574 modo
859 1508 945 1594 apud
962 1513 1093 1574 nostros

88 1596 316 1682 magistratus,
344 1596 401 1680 qui
426 1599 460 1660 et
487 1596 598 1680 legum
623 1600 656 1660 et
679 1596 928 1662 existimationis
949 1597 1095 1680 periculo

88 1685 309 1768 eontinentur,
340 1704 444 1771 neque
471 1683 557 1768 apud
583 1683 668 1748 eires
694 1684 803 1748 solum
830 1684 1008 1767 Romanos,
1038 1685 1094 1768 qni

86 1779 123 1839 et
158 1773 316 1838 sermonis
348 1775 383 1836 et
412 1771 493 1836 iuris
525 1774 559 1836 et
589 1772 774 1836 multarum.
798 1791 907 1836 rerum
938 1772 1094 1837 societate

88 1860 192 1927 iuneti
210 1864 294 1945 sunt,
315 1859 386 1924 fore
405 1880 441 1924 se
457 1862 547 1926 tutos
570 1859 782 1943 arbitrantur,
805 1859 869 1943 sed,
893 1880 1094 1944 quocumque

51 1967 75 2010 ro
89 1949 246 2033 venerint,
259 1949 343 2013 hano
356 1948 419 2012 sibi
430 1969 499 2012 rem
510 1945 672 2032 praesidio
685 1950 818 2032 sperant
831 1949 928 2028 [esse]
940 1946 1094 2013 torturam.

89 2037 182 2104 Tolle
209 2037 294 2102 hano
321 2057 425 2120 spem,
452 2036 533 2100 tolla
559 2036 621 2101 hoo
648 2034 844 2120 praesidium
866 2035 991 2100 civibus
1013 2035 1147 2100 lto-168

88 2126 209 2210 manis,
236 2125 397 2190 constitue
419 2124 501 2188 nihil
524 2143 594 2189 esse
617 2123 675 2208 opi
711 2123 746 2187 in
767 2123 830 2188 hae
851 2143 944 2189 roeo:
972 2121 1093 2189 ‘Civis

89 2215 281 2280 Romanus
305 2209 411 2294 sum',
433 2231 530 2294 posse
551 2211 683 2296 impune
705 2215 889 2296 praetorem
913 2215 970 2276 aut
993 2212 1093 2276 alium

90 2301 269 2388 quemlibet
288 2299 491 2384 supplicium,
514 2298 600 2382 quod
622 2299 711 2381 velit,
733 2300 769 2363 in
792 2319 865 2364 eum
888 2299 1094 2384 constituere,

52 2409 77 2451 ro
91 2391 146 2476 qui
178 2411 212 2454 se
244 2389 347 2455 civem
375 2387 559 2452 Romanum
590 2407 659 2450 esse
691 2386 790 2469 dieat,
822 2385 921 2470 qnod,
954 2387 1009 2471 qui
1041 2387 1093 2471 sit,

90 2481 230 2564 ignoret:
252 2477 320 2541 iam
338 2496 448 2541 omnes
467 2473 660 2558 prouincias,
680 2473 749 2538 iam
767 2473 876 2538 omnia
894 2493 1004 2559 regnu,
1026 2474 1093 2539 iam

91 2587 201 2634 omnes
221 2565 343 2630 liberas
366 2563 524 2647 civitates,
546 2563 613 2627 iam
636 2581 765 2627 omnem
787 2561 900 2626 orbem
923 2566 1094 2647 terrarum,

90 2653 146 2740 qui
163 2674 291 2739 semper
312 2651 435 2716 nostris
457 2649 644 2715 hominibus
666 2650 806 2714 maxime
828 2649 946 2734 patuit,
969 2650 1092 2714 uiribus

89 2742 246 2824 Romanis
277 2741 343 2805 ista
374 2739 558 2804 defensione
590 2738 811 2823 praeclusoris.
862 2736 968 2814 Quid?
1001 2738 1030 2801 si
1057 2737 1093 2801 L.

53 2849 77 2890 oo
90 2830 254 2912 Raecium,
275 2828 416 2912 equitem
436 2827 630 2909 Romanum,
653 2825 708 2909 qui
730 2829 801 2890 tum
823 2825 858 2888 in
882 2823 992 2891 Sicilia
1015 2829 1093 2902 erat,

89 2918 292 2998 nominabat,
329 2915 469 2980 etiamne
504 2914 539 2979 id
574 2934 729 2998 magnum
760 2913 837 2996 fnit,
873 2911 1094 2978 Panhormum

89 3007 216 3073 litteras
260 3004 413 3069 mittere?
475 3001 686 3068 Asservasses
729 3000 895 3066 hominem
937 2999 1093 3066 o'ustodiis

89 3093 357 3160 Mamertinorum
388 3096 532 3174 tuorum,
563 3090 709 3155 vinetum
740 3089 885 3154 clausum
915 3087 1094 3173 habuisses,

91 3183 166 3249 dnm
179 3181 365 3246 Panhormo
379 3179 516 3244 Raecius
535 3177 672 3261 veniret3
691 3180 902 3262 eognosoeret
919 3175 1094 3259 hominem,

53 3288 78 3330 ³⁵
91 3269 213 3356 aliquid
240 3269 279 3333 de
306 3289 432 3332 summo
461 3266 619 3352 supplicio
642 3264 839 3348 remitterem
867 3264 896 3328 si
917 3263 1093 3349 ignoraret,

90 3364 172 3443 tum,
203 3357 231 3422 si
257 3357 305 3420 ita
332 3355 395 3421 tibi
421 3354 598 3437 videretur,
624 3353 686 3420 hoo
714 3352 794 3418 iuris
821 3352 856 3416 in
883 3373 994 3417 omnes
1021 3372 1095 3416 oon·

91 3448 250 3528 stitueres,
272 3448 319 3528 ut,
343 3443 398 3526 qui
419 3463 524 3526 noque
546 3441 609 3506 tibi
630 3444 728 3507 notus
752 3443 838 3506 esset
861 3461 963 3525 noque
987 3438 1095 3524 cogni·
