2386 3938
260 189 326 246 tra.
345 192 358 244 1
390 192 467 249 oar.
487 199 591 248 ao-aa
611 199 626 258 e
645 199 758 250 cr-se.
953 196 1015 260 161

42 353 103 414 quae
123 353 156 396 ex
175 333 259 398 fanis
283 335 535 422 religiosissimis
556 359 614 420 per
633 337 738 402 scelus
758 342 790 402 et
808 339 1015 405 latrocinium

41 420 186 504 abstulisti,
218 445 257 487 ea
287 445 346 491 nos
377 424 484 489 videre
515 425 579 490 nisi
610 425 645 489 in
677 426 743 489 tuis
776 427 1015 512 amicorumque

40 511 141 572 tuorum
161 511 254 574 tectis
278 533 343 576 non
364 533 550 596 possumus3
575 512 610 578 P.
634 511 790 577 Servilius
814 536 896 599 quae
920 515 1015 600 signa

40 601 111 678 atque
131 603 318 664 ornamenta
340 622 378 664 ex
401 601 481 665 urbe
503 601 648 666 hostium
670 602 704 667 ui
727 604 760 666 et
778 602 900 667 virtute
919 609 1015 686 capta

23 683 95 746 stalli
114 685 180 770 lege
203 690 302 771 atque
324 688 533 772 imperatorio
556 689 626 754 iure
649 689 796 774 sustulit,
827 706 865 756 ea
892 693 1015 775 populo

39 769 153 838 bonam
172 777 367 860 apportavit,
389 799 447 860 per
465 777 667 860 triumphum
690 779 787 864 rexit,
814 779 862 860 [in
884 780 1015 845 tabulas

39 859 164 942 publicas]
180 863 220 927 ad
235 866 396 929 aerarium
409 865 638 948 perscribenda
656 867 789 932 curavit.
822 865 1015 954 cognoscite

40 967 63 1008 u
89 947 195 1014 litteris
228 953 368 1036 publicis
400 954 541 1018 hominis
574 954 770 1038 amplissimi
802 955 1015 1042 diligentiam.

39 1031 130 1102 Recita.
171 1037 353 1106 Rrrrouas
376 1059 537 1106 enarras
561 1041 595 1106 P.
615 1039 765 1109 Saevior.
810 1042 885 1110 Non
909 1046 1016 1109 solum

18 1131 172 1190 luunerum
196 1129 374 1214 signorum,
398 1131 454 1194 sed
477 1131 576 1195 etiam
598 1131 694 1195 unius
717 1131 870 1215 cuiusque
889 1132 1016 1217 magni-

39 1211 158 1298 tudinem,
179 1216 330 1301 figuram,
353 1222 476 1283 statum
499 1218 618 1283 litteris
640 1219 766 1283 definiri
783 1219 882 1284 vides.
920 1218 1016 1284 Certe

39 1299 114 1363 naior
137 1307 184 1367 est
211 1305 346 1371 virtutis
374 1307 592 1391 victoriaeque
619 1307 801 1373 iucunditas
829 1329 927 1392 quam
950 1308 1016 1373 ista

40 1387 166 1474 voluptas,
203 1415 288 1477 quae
319 1395 496 1478 percipitur
528 1417 567 1458 ex
597 1395 731 1460 libidine
763 1400 797 1460 et
828 1397 1015 1479 cupiditate.

40 1471 113 1540 llulto
137 1479 326 1566 diligentius
348 1483 468 1548 habere
492 1482 562 1548 dico
587 1482 759 1549 Servilium
781 1484 935 1569 praedam
958 1508 1013 1569 po-

18 1563 87 1640 spui
107 1564 239 1634 Romani
273 1591 371 1653 quam
402 1575 435 1636 te
468 1575 525 1636 tua
556 1570 644 1636 furta
675 1576 791 1638 notata
818 1579 915 1656 atque
943 1596 1015 1658 per-

42 1651 136 1733 scripta.

84 1739 165 1808 Dices
182 1750 242 1811 tua
261 1767 389 1831 quoque
403 1747 498 1832 signa
511 1751 544 1811 et
558 1748 689 1811 tabulas
704 1747 808 1830 pictas
824 1753 1014 1812 ornamento

42 1825 90 1890 urbi
117 1829 248 1918 foroque
286 1835 399 1918 populi
429 1835 568 1900 Romani
603 1835 713 1898 fuisse.
766 1835 913 1918 Memini,
949 1835 1016 1899 vidi

43 1911 109 1980 timul
128 1942 197 1986 cum
220 1925 344 2008 populo
366 1922 514 1987 Romano
536 1922 645 1988 forum
668 1922 899 2006 comitiumque
925 1923 1016 1988 ador-

20 2006 122 2070 llutum
142 2010 180 2076 ad
203 2011 345 2095 speciem
369 2010 541 2096 magnifico
565 2015 690 2094 ornatu,
714 2009 755 2074 ad
779 2031 908 2075 sensum
930 2010 1015 2096 cogi·

42 2091 227 2183 latioremque
256 2100 372 2164 acerbo
400 2103 433 2163 et
459 2098 605 2183 lugubri,
634 2099 702 2163 ridi
724 2099 882 2164 collucere
906 2100 1016 2164 omnia

43 2176 106 2244 trus
125 2187 201 2270 tuis,
229 2188 349 2271 praeda
370 2187 622 2270 provinciarum,
646 2187 761 2270 spoliis
785 2188 946 2254 sociorum
970 2192 1016 2252 at-

43 2275 283 2344 turonicorum.
332 2274 403 2350 Quo
436 2274 564 2358 quidem
596 2279 756 2360 tempore,
787 2276 921 2365 iudices,
952 2277 1016 2342 iste

42 2372 104 2434 spen
123 2365 296 2428 maximam
315 2363 514 2447 reliquorum
533 2385 659 2446 quoque
678 2367 884 2448 peccatorum
900 2369 1015 2430 nactus

20 2445 83 2524 test3
104 2449 177 2516 vidit
204 2453 292 2516 enim
317 2473 385 2535 eos,
413 2450 469 2535 qui
495 2451 686 2516 iudiciorum
715 2473 748 2516 se
777 2453 925 2518 dominos
954 2453 1017 2519 dici

43 2531 167 2622 volebant,
191 2541 311 2604 harum
334 2539 548 2622 cupiditatum
571 2560 641 2604 esse
664 2560 784 2605 servos.
830 2540 915 2606 Socii
938 2565 1015 2606 vero
1034 2561 1067 2609 59

43 2620 218 2712 rationesque
237 2633 365 2692 exterae
385 2649 476 2712 spem
495 2649 623 2691 omnem
645 2631 716 2692 tum
739 2629 880 2714 primum
895 2629 1016 2694 abiece-

44 2713 218 2780 flabrorum
246 2739 283 2782 ao
309 2715 513 2780 fortunarum
546 2737 692 2800 suarum,
724 2721 898 2800 propterea
931 2715 1017 2799 quod

19 2812 94 2888 ,lesu
123 2803 223 2888 legati
259 2827 298 2869 ex
330 2805 410 2868 Asia
442 2807 539 2887 atque
571 2803 697 2868 Achaia
728 2805 861 2889 plurimi
893 2803 1016 2867 Romae

21 2883 95 2948 llunc
111 2888 246 2976 luerunt,
270 2892 326 2976 qui
349 2893 481 2957 deorum
504 2893 677 2958 simulacra
700 2914 738 2957 ex
758 2894 824 2957 suis
843 2891 928 2955 fanis
944 2891 1017 2954 sub-

45 2966 89 3035 lata
110 2978 139 3042 in
164 2980 237 3046 foro
264 2981 516 3064 venerabantur,
546 2981 689 3064 itemque
717 2984 825 3045 cetera
857 2979 952 3063 signa
984 2982 1016 3042 et

45 3073 198 3134 ornamenta
222 3091 294 3133 cum
318 3073 561 3153 cognoscerent,
594 3069 660 3133 alia
684 3068 748 3132 alio
771 3068 807 3130 in
828 3067 900 3131 loco
924 3067 1017 3132 lacri-

46 3156 137 3220 mantes
151 3157 369 3222 intuebantur.
407 3155 549 3232 Quorum
568 3157 712 3222 omnium
730 3157 816 3218 hunc
835 3176 1016 3220 sermonem

18 3311 19 3318 χ
46 3235 91 3300 lum
122 3253 186 3309 esse
223 3245 446 3328 audiebamus,
481 3245 563 3309 nihil
601 3265 684 3326 esse,
724 3243 809 3327 quod
846 3244 1017 3328 quisquam

25 3318 173 3396 tdubitaret
200 3334 238 3398 dc
266 3333 365 3398 exitio
397 3333 557 3397 sociorum
590 3337 687 3416 atque
721 3332 911 3414 amicorum,
944 3353 1018 3396 cum

18 3493 19 3500 χ
46 3412 141 3487 luidem
161 3422 306 3486 viderent
329 3422 362 3484 in
384 3421 456 3485 foro
481 3421 593 3505 populi
616 3421 768 3503 Romani,
801 3441 863 3503 quo
887 3419 922 3483 in
944 3421 1016 3484 loco

18 3507 19 3560 l
47 3505 121 3588 urba,
141 3510 192 3592 qui
211 3510 307 3575 sociis
326 3509 460 3572 iniurias
478 3509 631 3591 fecerant,
655 3508 798 3573 accusari
818 3511 851 3570 et
871 3507 1017 3571 condem·

18 3565 20 3642 i
81 3612 122 3657 clu.
134 3621 162 3660 11.
185 3626 201 3663 1.
770 3616 801 3662 ll
