2422 3952
169 122 212 185 64
340 119 410 174 PltO
429 118 506 173 SEX.
526 117 655 174 cosmo
673 117 840 172 fflllthO
858 117 1001 175 oumo.

169 287 242 330 oum
273 263 431 350 prodierit
463 262 544 346 (scio
576 263 663 328 enim
691 262 896 347 proditurum
925 263 1028 348 esse),
1059 265 1189 332 audiet.

118 365 167 415 101
186 351 306 418 Veniat
328 353 438 435 modo,
461 351 600 437 explicet
622 371 717 416 suum
739 351 892 417 volumen
913 351 1010 434 illud,
1038 354 1136 436 quod
1158 357 1189 419 ei

66 487 69 492 -
169 443 303 527 plenum
334 440 440 507 faeere
472 461 605 525 possum
632 438 787 505 Erucium
814 439 1062 523 conscripsisse;
1099 443 1190 526 quod

70 528 75 536 '
170 530 262 595 aiunt
287 530 382 594 illum
404 525 475 594 Sex.
493 527 612 595 Roscio
635 527 817 594 intentasse
838 530 872 592 et
894 527 1091 596 minitatum
1117 551 1189 596 esse

171 639 205 682 se
224 617 334 683 omnia
354 615 415 681 ille
436 637 496 701 pro
519 616 707 681 testimonio
730 636 801 681 esse
823 614 994 680 dicturum.
1037 615 1068 682 0
1094 639 1207 702 prsel

170 707 295 771 olerum
321 708 453 786 testem,
479 704 614 769 iudices!
646 725 667 768 o
687 703 883 789 gravimem
911 703 1047 789 dignum
1072 726 1191 792 expec-

169 793 308 857 tatione!
332 792 473 857 ovitsm
490 791 664 857 honestam
686 795 784 876 atque
806 792 874 857 eius
897 791 995 875 modi,
1018 797 1058 857 ut
1084 793 1190 860 liben-

169 881 259 946 tibus
274 881 390 945 enimis
405 880 446 946 sd
460 880 529 946 eius
543 880 768 946 testimonium
780 883 925 946 vestrum
939 880 989 945 ius
1006 881 1190 948 iurandum

171 969 434 1035 accommodetis!
473 967 623 1034 Profecto
645 988 712 1033 non
733 971 804 1033 tem
825 968 995 1053 perspicue
1017 990 1084 1036 nos
1110 971 1189 1036 istu

170 1079 243 1124 rum
270 1057 430 1123 maleficio
456 1056 650 1138 rideremus,
681 1055 746 1120 nisi
772 1055 861 1140 ipsos
889 1077 1001 1122 caecos
1030 1058 1207 1124 redderet1

119 1195 162 1259 36
173 1146 333 1230 cupiditas
356 1150 390 1210 et
413 1145 553 1210 cmritia
575 1147 609 1209 et
632 1143 775 1209 andseis.

120 1271 170 1322 102
237 1233 335 1298 Alter
362 1255 400 1298 ex
426 1233 499 1317 ipse
525 1232 621 1298 caede
647 1232 813 1297 volucrem
836 1230 987 1296 nuntium
1010 1230 1189 1300 Ameriam

171 1321 212 1386 ed
236 1321 360 1387 socium
387 1324 484 1404 etque
512 1320 592 1385 adeo
618 1319 814 1405 magistrum
842 1339 937 1384 suum
959 1317 1062 1403 misit,
1087 1325 1139 1405 nt,
1162 1323 1188 1386 si

171 1409 375 1474 dissimulare
402 1428 513 1473 omncs
540 1411 695 1492 cuperent
717 1429 752 1472 se
774 1405 870 1490 scire,
897 1406 939 1470 ed
961 1428 1061 1491 quem
1085 1410 1187 1476 male

170 1497 279 1560 ficium
310 1495 500 1580 pertineret,
531 1499 642 1560 tamen
671 1496 743 1581 ipse
774 1498 924 1581 apertum
950 1515 1047 1560 snum
1076 1498 1205 1564 scelus:

172 1587 248 1649 ante
275 1583 419 1649 omnium
446 1583 557 1648 oculos
584 1587 727 1668 poneret.
773 1583 882 1664 Alter,
911 1582 941 1647 si
968 1582 1019 1648 dis
1048 1582 1187 1651 immor·

171 1672 293 1737 talibus
325 1671 446 1757 placet,
477 1671 701 1737 testimonium
732 1671 833 1737 etism
863 1671 899 1735 in
928 1667 1001 1736 Sem
1024 1670 1186 1740 Roseimn

171 1761 315 1826 dicturus
342 1764 407 1844 est,
438 1760 532 1845 quasi
558 1780 635 1825 roro
661 1759 696 1824 id
722 1780 807 1825 nunc
833 1762 964 1845 agetur,
995 1762 1128 1845 utrum,
1160 1763 1186 1826 is

172 1850 258 1934 quod
281 1849 411 1932 dixerit,
438 1847 630 1914 credendum
653 1870 691 1913 eo
712 1868 792 1931 non,
819 1847 905 1931 quod
926 1847 1056 1931 fecerit,
1079 1850 1207 1922 viudi-¹

171 1938 309 2004 candum
336 1937 389 2001 sit.
433 1935 548 2020 ltoque
575 1956 665 2002 more
688 1935 849 2002 meierum
871 1939 1102 2020 comperatum
1127 1943 1206 2022 esti

171 2025 261 2090 utin
281 2024 424 2089 minimis
446 2024 544 2088 rebus
566 2024 714 2090 homines
737 2023 931 2109 amplissimi
953 2023 1206 2092 testimonium

120 2125 170 2174 10³
190 2111 302 2176 desua
318 2133 354 2176 re
372 2133 438 2177 non
456 2111 607 2176 dicerent.
628 2111 812 2194 Africanus,
830 2111 886 2195 qui
903 2132 963 2178 suo
985 2116 1185 2199 cognomine
1204 2173 1205 2180 ,

172 2199 317 2264 declaret
340 2199 473 2264 tertiam
494 2202 624 2284 partem
647 2200 737 2266 orbis
758 2204 919 2266 terrerum
940 2221 977 2266 se
1000 2201 1185 2288 subegisse,

170 2291 294 2370 temen,
318 2287 346 2352 si
366 2308 426 2352 sua
448 2308 499 2352 res
522 2291 688 2373 ageretur,
710 2287 933 2354 testimoninm
955 2309 1022 2354 non
1045 2288 1204 2371 diceret,

170 2397 247 2442 nam
261 2375 343 2441 illud
356 2375 391 2439 in
408 2375 509 2441 telem
527 2376 634 2442 virum
651 2397 718 2442 non
735 2375 837 2442 sudeo
856 2376 976 2442 dicere:
994 2374 1030 2442 Si
1048 2376 1198 2460 diceret:

170 2485 237 2528 non
261 2463 453 2566 crederetur.
493 2463 609 2529 Videte
631 2485 730 2547 nunc,
758 2485 855 2548 quam
876 2485 972 2530 versa
996 2469 1029 2532 et
1051 2471 1202 2562 mutate¹

170 2549 1062 2726 tellatlttdollllttnttlitt
1071 2557 1185 2710 „tlt

141 2761 145 2766 ,
171 2733 276 2794 estet
298 2728 442 2812 sicarius,
464 2730 526 2794 hoe
549 2731 598 2792 est
622 2728 678 2812 qui
699 2733 734 2793 et
754 2729 889 2794 illorum
910 2728 1057 2812 ipsorum
1079 2713 1200 2798 bono-¹

170 2839 252 2901 rum,
275 2816 449 2901 dequibus
468 2815 587 2902 egitur,
608 2820 737 2901 emptor
760 2821 857 2900 etque
879 2838 1049 2901 possessor
1071 2823 1128 2884 est
1152 2842 1169 2886 e

172 2927 244 2972 eum
273 2905 441 2971 hominem
472 2904 680 2970 occidendum
711 2904 850 2987 curarit,
883 2904 922 2969 de
952 2904 1042 2972 cuius
1072 2913 1182 2972 morte

120 3003 170 3053 104
189 2993 363 3076 quaeritur.
396 2991 501 3068 Quid?
532 2996 578 3076 tu,
600 2993 652 3058 vir
670 2996 811 3077 optume,
834 2992 948 3077 ecquid
966 2992 1069 3060 hebes
1092 2995 1182 3080 quod

172 3079 282 3145 dicas?
305 3081 386 3146 mihi
409 3081 569 3183 ausculta:
592 3080 678 3164 vide,
700 3102 741 3145 ne
763 3081 826 3146 tibi
848 3080 948 3164 desis3
970 3085 1027 3148 tue
1050 3103 1182 3185 quoque

170 3168 1181 3344 lttfflt‘ttcett,tllttltlutssltltt*¹³

171 3347 301 3427 sponte,
333 3363 400 3407 non
427 3343 466 3408 de
492 3343 592 3411 Eruci
625 3346 799 3410 sententia:
830 3345 914 3411 nihil
947 3367 1028 3432 opus
1052 3346 1118 3412 fnit
1147 3353 1181 3414 te

170 3431 246 3495 istic
265 3428 389 3512 sedere3
411 3433 619 3514 nequeenim
642 3438 828 3500 accusatore
851 3437 943 3499 muto
966 3456 1069 3519 nsque
1090 3439 1180 3502 teste
