2404 3928
146 153 214 220 408
447 150 489 204 IN
507 150 537 205 C.
549 147 703 204 VERREM
721 148 802 204 AGT.
820 149 853 204 ll.

146 297 262 381 Itaque
279 296 314 361 in
330 295 372 361 iis
391 295 547 378 scriptum
565 293 686 358 litteris
700 292 831 359 Punicis
848 292 914 358 fuit
932 315 1040 380 regem
1051 293 1134 358 blasi-

145 387 271 452 nissam
287 383 514 469 inprudentem
532 383 702 467 accepisse,
724 403 760 446 re
783 382 917 468 cognita
938 383 1136 468 reportandos

147 473 605 646 {ltlffltttlttlr
626 469 1138 642 ltttffittfitcttttlt

96 669 148 718 104
166 651 301 736 antiquo
328 671 427 735 opere
454 669 492 714 sc
519 667 645 712 summa
668 651 738 711 arte
761 647 934 732 perfectae,
979 645 1067 712 Haec
1087 648 1158 711 isses

148 739 266 823 omnia,
283 759 325 802 ne
343 735 456 802 multis
473 757 591 820 morer,
611 755 677 801 uno
694 736 818 821 impetu
837 739 937 820 atque
955 758 1020 801 uno
1038 736 1140 800 nuntio

147 850 207 914 per
224 847 335 891 servos
349 823 517 909 Venerios,
539 845 622 908 quos
643 824 712 888 eius
734 823 782 889 rei
805 843 907 890 eausa·
926 825 1070 909 miserat,
1090 823 1140 889 tol-

148 915 245 980 lenda
267 917 365 998 atque
389 911 587 998 asportanda
608 912 743 977 curavit.

95 1005 138 1070 47
214 1002 279 1067 Pro
309 1002 342 1066 di
370 1001 575 1066 inmortales!
611 1021 707 1084 quem
734 1021 795 1087 ego
821 999 989 1066 hominem
1018 1000 1141 1066 accuso?
1187 1073 1188 1082 ,

149 1112 246 1178 quem
272 1089 402 1176 legibus
429 1093 528 1174 atque
554 1088 667 1154 sociali
694 1088 763 1153 iure
789 1091 990 1173 persequor?
1028 1090 1067 1154 de
1089 1109 1188 1172 quor}

148 1202 208 1246 ros
236 1178 431 1244 sententiam
458 1196 516 1262 per
542 1176 699 1242 tabellam
725 1176 860 1241 feretis?
906 1176 1031 1242 Dicunt
1054 1176 1142 1264 legati
1187 1169 1188 1190 ¹

148 1267 336 1334 Melitenses
366 1267 496 1352 publice
523 1265 701 1350 spoliatum
728 1265 887 1349 templum
916 1287 990 1331 esse
1015 1266 1143 1347 Iunonis,

148 1357 232 1422 nihil
250 1356 350 1420 istum
368 1355 404 1419 in
425 1353 673 1440 religiosissimo
694 1352 773 1418 fano
794 1353 981 1438 reliquisse3
1005 1353 1144 1439 quemin

149 1446 257 1509 locum
282 1443 403 1508 classes
425 1442 571 1507 hostium
595 1462 691 1527 saepe
713 1443 921 1526 accesserint,
948 1443 1008 1508 ubi
1030 1444 1143 1529 piratae

148 1529 216 1597 fere
247 1530 421 1615 quotannis
446 1529 591 1594 hiemare
619 1529 759 1614 soleant,
791 1529 877 1614 quod
902 1551 1010 1615 neque
1036 1530 1143 1617 praedo
1154 1547 1172 1586 1⁵

149 1619 282 1686 violarit
309 1621 406 1684 antea
432 1637 536 1701 neque
559 1639 716 1703 umquam
737 1617 843 1682 hostis
866 1618 1032 1705 attigerit,
1058 1620 1089 1683 id
1109 1619 1142 1682 ab

149 1729 214 1775 uno
232 1708 297 1772 isto
316 1707 362 1772 sic
381 1705 557 1792 spoliatum
576 1727 656 1789 esse,
678 1709 716 1770 ut
736 1706 819 1770 nihil
843 1708 977 1772 omnino
1002 1709 1047 1773 sit
1067 1707 1144 1774 relic·
1189 1773 1190 1780 χ

149 1802 230 1864 tum.
269 1795 332 1862 Hic
358 1817 443 1861 nunc
469 1794 533 1860 iste
559 1815 634 1858 reus
657 1799 715 1858 aut
738 1814 799 1880 ego
821 1800 993 1861 accusator
1017 1796 1143 1862 author

150 1884 304 1951 iudicium
336 1882 576 1970 appellabitur?
622 1882 819 1948 Criminibus
850 1884 938 1948 enim
968 1885 1144 1972 coarguitur

151 1978 209 2039 aut
227 1973 463 2059 suspicionibus
482 1972 516 2037 in
533 1970 686 2036 iudicium
703 1975 846 2037 vocatur.
883 1970 927 2036 Di
946 1974 1060 2057 ablati,
1078 1973 1143 2037 fem
1154 1989 1173 2028 2⁰

150 2063 276 2144 vexata,
293 2060 434 2124 nudatae
447 2060 544 2124 urbes
557 2060 776 2144 reperiuntur3
794 2081 905 2124 earum
922 2065 1034 2127 autem
1048 2081 1143 2127 rerum

150 2149 275 2214 nullam
303 2148 367 2211 sibi
392 2148 456 2212 iste
482 2169 586 2232 neque
606 2147 769 2212 infitiandi
790 2148 953 2214 rationem
975 2171 1079 2236 neque
1099 2149 1143 2213 de

87 2315 90 2322 ι
149 2233 301 2300 tendendi
326 2233 518 2300 facultatem
541 2234 686 2320 reliquit,
715 2236 864 2300 omnibus
886 2237 922 2301 iu
945 2239 1044 2304 rebus
1065 2259 1143 2304 coar

151 2321 262 2410 guitur
276 2344 296 2386 a
309 2344 369 2406 me,
388 2323 589 2389 convincitur
603 2346 623 2388 a
636 2324 786 2408 testibus,
803 2329 940 2411 urgetur
954 2327 1143 2394 confessione

150 2431 222 2497 sua,
250 2410 432 2476 manifestis
458 2411 493 2476 in
520 2412 687 2476 maleficiis
715 2415 844 2477 tenetur
867 2417 900 2478 et
923 2420 1036 2481 manet
1057 2415 1172 2481 aiens

151 2523 188 2567 ac
209 2500 330 2566 tacitus
352 2499 441 2566 facta
462 2519 587 2565 mecum
611 2521 670 2564 sua
691 2502 903 2587 recognoscit.

100 2602 150 2653 tos
216 2587 363 2654 Nimium
394 2588 474 2652 mihi
506 2588 560 2652 diu
592 2589 703 2654 videor
733 2589 769 2653 in
795 2611 859 2654 uno
887 2610 1007 2675 genere
1033 2586 1141 2658 ausari

152 2677 335 2759 criminum3
363 2676 482 2760 sentio,
507 2677 641 2759 iudices,
664 2677 895 2742 occurrendum
916 2699 987 2744 esse
1011 2675 1142 2746 satietati

150 2766 277 2830 aurium
292 2764 537 2848 animorumque
553 2767 744 2830 vestrorum.
777 2764 881 2842 Quam
901 2768 943 2831 ob
963 2788 1033 2834 rem
1051 2767 1141 2833 multa

149 2853 424 2938 praetermittam
451 2853 493 2918 ad
515 2875 554 2918 ea
576 2857 698 2938 autem,
726 2873 808 2938 quae
831 2854 976 2921 ‹licturrus
1000 2867 1082 2940 sum,
1101 2865 1171 2918 ret⁰

149 2942 237 3007 ficitc
263 2962 335 3026 ros,
363 2961 498 3027 quaeso,
523 2941 658 3025 iudices,
685 2963 744 3026 per
771 2941 847 3008 deos
872 2943 1070 3030 inmortalis,
1095 2961 1141 3007 eos

149 3029 254 3114 ipsos,
280 3029 318 3095 de
341 3049 478 3115 quorum
501 3029 659 3114 religione
681 3030 749 3095 iam
771 3031 826 3095 diu
849 3031 999 3116 liumus,
1023 3034 1094 3098 dum
1114 3027 1141 3093 id

150 3117 218 3182 eius
231 3116 358 3184 facinus
373 3137 589 3183 commemoro
606 3120 640 3182 et
657 3117 797 3203 profero,
816 3140 880 3204 quo
899 3121 1141 3206 provinciales

150 3208 314 3269 commota
328 3208 386 3270 est
422 3205 472 3270 De
486 3227 550 3289 quo
564 3205 593 3270 si
606 3207 703 3290 paulo
718 3207 816 3272 altius
835 3209 935 3274 ordiri
954 3231 991 3276 ac
1009 3212 1139 3295 repetere

150 3291 339 3355 memoriam
358 3293 526 3378 religionis
544 3293 687 3377 videbor,
704 3294 879 3380 ignoscite3
897 3298 945 3362 rei
963 3293 1168 3384 magnitudo&

95 3430 139 3494 48
150 3395 201 3440 me
215 3377 357 3439 breviter
370 3381 592 3465 perstringere
606 3381 813 3447 atrocitatem
828 3385 972 3450 criminis
986 3407 1051 3451 non
1067 3381 1138 3450 sinit

98 3504 149 3553 10,
215 3457 318 3522 Vetus
345 3465 405 3524 est-
421 3465 502 3530 haec
530 3468 653 3551 opinio,
685 3469 820 3555 iudices,
853 3491 936 3556 quae
963 3476 1138 3539 constater
