2392 3944
264 176 331 232 LIB.
350 178 378 232 11
405 177 480 233 CAP.
498 183 604 234 29-81
623 184 639 244 5
658 183 771 233 'll-77.
960 180 1025 246 227

39 321 212 405 inputem
236 343 302 386 non
329 321 437 387 solum
463 325 585 404 mente,
615 342 729 387 verum
755 321 855 388 etiem
882 344 1026 408 eorpore,

39 413 70 472 ut
94 431 213 493 omnes,
237 409 293 494 qui
316 410 465 492 ederent,
490 409 681 495 intellegere
703 413 838 494 possent
860 410 896 474 in
917 411 1026 476 animo

39 498 98 561 eins
119 501 237 562 metum
259 519 332 562 eum
355 496 533 582 eupiditate
554 519 710 582 pugnero.
753 496 836 563 Erat
858 498 1026 564 hominum

39 590 200 650 conventus
227 585 402 670 maximus,
429 607 592 652 summum
619 585 798 670 silentium,
824 607 951 652 summe
976 609 1026 652 ex-

21 673 176 756 spectatio,
193 695 334 758 quonum
352 677 439 738 esset
456 673 525 740 eius
543 673 704 759 cupiditas
723 678 891 759 eruptura,
912 674 1026 742 erebro

40 783 67 824 ee
85 783 231 828 recensus
255 761 448 828 demittebat
471 762 512 828 ud
535 783 645 826 eurem
668 760 897 828 'timarchides
943 762 1026 829 Turn
1044 780 1078 829 75

40 849 89 914 iste
114 849 298 934 aliquunde:
322 849 407 936 ‘Age
435 848 510 916 diel'
538 849 653 934 inquit.
693 850 780 916 Reus
808 873 901 916 orere
929 855 1026 935 etque

40 937 201 1020 obsecrare,
222 942 260 1004 ut
282 959 356 1004 eum
378 937 513 1005 oonsilio
535 941 754 1024 cognosceret.
790 937 872 1004 Tum
895 944 1027 1025 repente

40 1025 89 1090 iste
113 1030 212 1091 testes
241 1026 336 1092 uitari
361 1025 466 1109 iubet;
492 1025 570 1092 dieit
599 1047 682 1092 unus
709 1029 742 1090 et
766 1026 849 1092 ulter
871 1027 1028 1111 breviter;

17 1113 108 1178 until
132 1115 367 1200 interrogatum
397 1135 513 1199 praeeo
541 1131 680 1180 nlxlssu
708 1114 907 1198 pronuntiat.
950 1114 1028 1200 Iste,

41 1203 117 1284 quusi
138 1206 307 1286 metueret,
329 1225 369 1268 ne
386 1201 523 1269 Petilius
546 1203 675 1287 privato
698 1202 757 1269 illo
780 1201 898 1268 iudicio
921 1206 1027 1268 truns-

40 1295 98 1356 eeto
114 1297 170 1356 eut
187 1291 318 1376 prolato
335 1313 408 1358 eum
427 1290 543 1358 ueteris
561 1289 597 1354 in
614 1289 785 1357 eonsilium
802 1294 1027 1376 reverteretur,

39 1377 76 1442 ite
95 1400 271 1465 properans
295 1379 334 1443 de
357 1378 439 1445 selle
462 1378 566 1461 exilit,
593 1378 759 1444 hominem
780 1377 985 1445 innocentem
1007 1402 1028 1444 e

41 1464 67 1530 C.
85 1465 254 1533 Sacerdote
288 1467 475 1533 obsoletum
508 1467 630 1532 indiete
661 1489 759 1533 eeuse
793 1467 832 1532 de
865 1467 1028 1534 sententie

17 1554 161 1639 tseribee,
184 1555 301 1620 medici
323 1554 595 1641 hamspieidque]
617 1555 819 1621 condemnet.

91 1643 252 1727 Retinete,
288 1643 426 1710 retinete
457 1643 621 1708 hominem
653 1643 688 1708 in
719 1643 863 1728 eivitste,
896 1643 1027 1728 iudices,
1036 1620 1079 1746 ξιξ

41 1731 144 1811 percite
164 1736 198 1796 et
215 1735 414 1816 conservate,
435 1735 472 1797 ut
490 1731 544 1815 sit,
566 1731 621 1814 qui
639 1731 806 1796 vobiscum
824 1753 876 1796 res
899 1731 1028 1814 iudieet‚

42 1819 140 1900 quiin
165 1822 284 1886 senatu
311 1818 380 1884 sine
406 1819 476 1886 ulle
501 1819 680 1903 eupiditate
708 1817 862 1884 debello
890 1822 923 1882 et
949 1839 1027 1900 peee

42 1909 220 1974 sententium
238 1908 331 1974 feret.
372 1906 517 1974 Tametsi
538 1907 645 1972 minus
668 1905 702 1970 id
725 1904 854 1990 quidem
876 1905 971 1970 nobis
994 1909 1027 1970 et

17 1997 143 2079 ”populo
166 1995 315 2062 Romeno
345 1995 557 2061 laborandum
584 1998 648 2078 est,
675 1993 782 2079 qualis
806 1992 902 2058 istius
924 1993 959 2057 in
982 2013 1028 2059 se

41 2087 104 2148 nutu
125 2083 290 2150 sententie
309 2083 421 2150 future
443 2083 496 2148 sit.
536 2081 626 2158 Quee
648 2083 734 2148 enim
758 2081 826 2148 eius
850 2080 1028 2148 auctoritas

42 2171 107 2237 erit?
135 2172 266 2258 quando
293 2171 356 2236 iste
379 2170 573 2237 sententium
596 2170 701 2236 dioere
724 2169 856 2236 audebit
879 2172 935 2235 eut
957 2174 1028 2255 put

42 2259 108 2324 erit?
130 2259 262 2345 quondo
289 2263 398 2326 autem
424 2259 523 2324 homo
550 2261 663 2324 tentae
687 2258 834 2326 luxuriae
857 2261 955 2342 etque
978 2258 1029 2324 de

42 2345 124 2414 sidiee
131 2348 199 2414 uisi
207 2347 384 2414 Februario
398 2367 507 2414 mense
521 2347 681 2431 aspirabit
695 2346 888 2412 incuriam?
906 2344 1029 2412 Verum

17 2436 132 2502 *veniae
172 2457 264 2520 sene,
305 2435 455 2502 decernet
489 2435 613 2500 bellum
649 2433 872 2518 Cretensibus,
912 2434 1030 2500 liberet

42 2519 215 2608 Byzantios,
250 2544 360 2609 regem
394 2523 539 2609 appellet
569 2522 808 2606 Ptolomeeum,
845 2544 926 2606 quee
957 2522 1030 2588 vult

42 2607 231 2698 Hortensius,
251 2612 360 2678 omniu
382 2611 469 2678 diuet
487 2615 520 2676 et
539 2610 674 2694 sentiet3
696 2611 802 2678 miuus
819 2610 883 2676 boe
900 2609 941 2676 ed
959 2629 1030 2691 nos,

43 2699 129 2766 ninus
163 2701 206 2768 ed
237 2700 324 2766 vitoe
350 2703 481 2766 nostroe
509 2699 695 2782 discrimen,
725 2698 831 2766 miuus
860 2697 901 2763 ud
927 2696 1029 2761 fortu-

43 2806 139 2854 uerum
173 2792 359 2855 nostrerum
392 2787 571 2872 perieulum
602 2785 753 2872 pertinet.
801 2784 888 2852 Illud
921 2781 1028 2862 [illud]
1047 2798 1080 2848 7⁷

19 2879 81 2938 ”est
99 2877 253 2962 oepitele,
277 2875 359 2942 illud
381 2875 642 2957 formidolosum,
664 2874 745 2940 illud
767 2873 891 2958 optimo
915 2870 1029 2953 euique

43 2965 247 3049 metuendum,
279 2964 365 3048 quod
395 2963 472 3046 iste,
505 2963 534 3029 si
561 2961 688 3028 euhoe
715 2960 832 3027 iudicio
861 2957 970 3041 ulique
996 2957 1030 3022 vi

44 3069 97 3117 sese
113 3052 278 3138 eripuerit,
299 3052 335 3117 in
351 3051 510 3118 iudicibus
533 3050 578 3116 sit
590 3071 729 3116 neeesse
752 3051 811 3131 est,
834 3045 1030 3115 sententium

44 3135 71 3202 de
94 3141 197 3226 eapite
223 3140 302 3206 civis
324 3139 464 3206 Romani
485 3139 583 3223 feret,
611 3138 654 3204 sit
676 3137 711 3204 in
733 3136 801 3201 eius
825 3133 966 3202 exercitu
990 3134 1030 3200 si-

44 3228 145 3314 gnifer,
178 3229 233 3314 qui
264 3228 435 3314 imperium
467 3227 658 3294 iudiciorum
688 3227 798 3292 tenere
829 3222 909 3288 vult.
958 3220 1030 3288 Hoe

20 3319 166 3401 “pupulus
179 3317 346 3384 Romanus
359 3319 497 3400 recuset,
515 3315 577 3380 hoe
590 3314 675 3382 ferre
688 3333 755 3379 nou
767 3313 892 3396 potest,
910 3309 1030 3375 elemet

44 3407 251 3490 permittitque
269 3405 372 3490 vobis,
395 3408 442 3488 ut,
464 3403 493 3469 si
514 3403 588 3468 istis
610 3400 796 3468 hominibus
820 3397 1032 3482 delectemini,

45 3489 67 3554 ri
81 3515 114 3560 ex
131 3517 168 3561 eo
188 3515 306 3581 genere
328 3493 533 3580 splendorem
556 3490 661 3558 ordini
684 3493 782 3574 etque
805 3490 1031 3555 ornamentum

766 3591 820 3646 le*
901 3597 903 3602 '
