2392 3944
156 164 222 230 228
456 163 497 218 IN
516 163 545 218 C.
560 163 715 218 VERREM
732 162 810 218 Aer.
830 163 864 218 Il.

155 309 263 375 euriae
289 309 488 374 eonstituere
509 307 632 390 velitis,
657 306 809 372 habeatis
832 327 911 372 sane
932 306 1032 372 istum
1052 306 1167 371 robis-

156 411 231 464 oum
262 401 460 481 senatorem,
491 396 590 461 etiam
622 395 662 459 de
692 395 786 462 vobis
813 395 966 478 iudicem,
998 394 1025 460 si
1052 395 1169 478 vultis,

156 485 321 586 babeatis,
347 486 386 550 de
408 507 443 550 se
464 484 627 586 hemines,
650 482 687 584 si·
701 483 758 568 qui
779 487 883 584 ostra·
895 483 997 548 istum
1019 482 1170 583 ordinem

156 571 615 746 ssttnmlttffllgt
626 571 1186 743 stltllttlttffi

156 749 243 816 hune
268 749 434 814 homiuem
460 754 530 814 tarn
557 747 733 831 crudelem,
762 751 832 812 tam
860 748 1069 832 sceleratum,
1096 752 1172 812 tam

104 809 148 936 {3⁸2
156 837 317 902 nefarium
344 838 462 902 nolunt
487 837 638 902 iudicare
682 833 816 902 Etenim
843 835 872 900 si
898 835 980 900 illud
1002 839 1056 900 est
1076 835 1172 921 flagi-

157 925 288 1008 tiosum,
311 925 398 1010 quod
415 925 497 990 mibi
519 924 664 991 omniurn
685 923 794 989 rerum
817 924 1045 1007 turpissimum
1068 925 1173 988 maxi·

157 1035 272 1100 meque
289 1013 451 1080 nefarium
467 1014 605 1096 ridetur,
623 1012 665 1077 ob
684 1033 754 1076 rem
771 1011 977 1077 iudicandam
994 1011 1171 1096 pecuniam

157 1103 312 1188 recipere,
334 1103 441 1188 pretio
459 1102 581 1167 habere
603 1100 766 1165 addietum
787 1099 885 1165 fidem
907 1103 942 1163 et
963 1099 1186 1186 religionem,

157 1195 280 1276 quanto
310 1191 394 1256 illud
420 1189 630 1278 flagitiosius,
659 1187 843 1273 inprobius,
873 1187 1054 1273 indignius,
1087 1210 1170 1270 eum,

156 1300 178 1343 a
204 1300 269 1364 quo
295 1280 466 1364 pecuniam
492 1279 536 1344 ob
559 1275 793 1342 absolvendum
816 1276 992 1360 sooeperis,
1021 1277 1171 1342 condem·

156 1387 248 1448 nare,
275 1372 379 1432 utne
405 1366 605 1451 praedonum
632 1364 763 1449 quidem
788 1368 922 1448 praetor
947 1364 1072 1429 infide
1096 1365 1171 1430 reti·

155 1455 262 1518 nenda
292 1454 556 1518 consuetudinem
586 1453 770 1518 conservet!
814 1449 926 1517 Scelus
959 1455 1011 1517 est
1040 1453 1085 1518 ab
1114 1474 1169 1517 reo

157 1545 597 1712 trististristis?
624 1542 1186 1713 tlltffilttltlssl

156 1718 266 1782 nalem
291 1717 327 1781 in
352 1717 532 1802 provincia,
553 1717 659 1782 valuit
685 1717 770 1802 apud
796 1721 830 1782 te
855 1717 932 1802 plus
959 1716 1004 1800 is,
1032 1718 1092 1802 qui
1117 1739 1169 1803 pe

157 1807 285 1874 eunium
305 1806 461 1871 maiorem
481 1806 578 1872 dedit.
618 1803 780 1888 Conmd03
800 1803 943 1870 forsitan
965 1805 1090 1890 aliquis
1114 1806 1168 1870 ali·

158 1895 286 1978 quando
306 1895 374 1959 eius
398 1894 486 1972 modi
509 1893 676 1978 quippiam
699 1894 820 1958 feeerit.
860 1890 943 1958 (lum
967 1915 1046 1960 vero
1069 1894 1186 1959 fidem*

157 2004 195 2047 ae
221 1983 414 2067 religionem
440 1985 531 2046 tuam
558 1982 624 2045 iam
651 1982 748 2046 altori
770 1980 933 2046 addietum
956 1985 1095 2067 aooepta
1118 1999 1185 2068 pei

157 2069 252 2134 eunia
277 2069 444 2152 habueris,
475 2073 591 2152 postea
618 2070 752 2134 eundem
778 2069 964 2134 adversario
992 2069 1168 2134 tradideris

157 2156 280 2220 maiore
297 2155 442 2240 pecunia,
463 2159 637 2240 utrumque
653 2157 750 2224 falles
774 2159 821 2238 [et
843 2156 963 2240 trades,
986 2158 1039 2224 oui
1060 2160 1185 2238 volesll

158 2246 191 2306 et
218 2243 262 2326 ei,
289 2264 385 2326 quem
411 2242 581 2329 fefelleris,
606 2266 648 2312 ne
674 2244 844 2331 poemiam
872 2245 1003 2329 quidem
1027 2245 1167 2311 reddes?

104 2335 138 2384 ⁷9
158 2328 260 2405 Quem
287 2330 368 2394 mihi
394 2335 432 2396 tu
458 2330 615 2417 Bulbum,
641 2354 738 2417 quem
765 2330 955 2399 Staienum?
988 2333 1076 2418 quod
1100 2357 1168 2400 um·

157 2440 255 2503 quum
286 2419 419 2485 buiusoe
450 2419 539 2485 modi
570 2425 753 2486 monstrum
778 2425 837 2486 aut
862 2421 1049 2507 prodigium
1078 2423 1184 2543 audi-l

157 2507 262 2573 vimus
284 2512 342 2573 aut
364 2508 517 2592 vidimus,
540 2509 597 2593 qui
619 2531 692 2574 eum
714 2531 770 2575 reo
792 2509 969 2595 transigat,
992 2513 1068 2595 post
1093 2533 1166 2576 oum

157 2600 343 2664 accusatore
381 2596 520 2682 decidat,
555 2597 710 2662 honestos
744 2596 907 2682 homines,
944 2598 1000 2682 qui
1031 2618 1165 2664 oausam

156 2687 276 2770 norint,
294 2685 426 2772 ableget
444 2707 465 2749 s
482 2684 854 2768 consilioquedimittat,
873 2685 945 2770 ipse
963 2686 1053 2750 solus
1071 2707 1166 2752 reum

157 2774 357 2857 absolutum,
379 2795 400 2838 u
422 2795 486 2858 quo
509 2774 678 2857 peouniom
701 2773 874 2859 acceperit,
897 2773 1089 2839 oondemnet
1114 2798 1183 2859 pe,

157 2864 349 2948 ouuiamque
375 2882 442 2928 uon
468 2861 604 2927 reddat?
648 2860 744 2927 Hune
771 2862 936 2927 hominem
962 2861 1001 2928 in
1022 2861 1182 2928 iudicum

156 2972 290 3016 numero
308 2949 523 3017 habebimus?
545 2949 599 3014 hio
617 2950 755 3014 alteram
778 2949 940 3014 decuriam
964 2950 1165 3016 senatoriam

157 3037 251 3102 iudex
279 3038 462 3103 obtinebit?
489 3037 542 3102 hie
565 3037 604 3102 de
626 3037 733 3122 eapite
756 3035 858 3103 libero
881 3037 1062 3104 iudicabit?
1088 3037 1166 3104 huie

157 3123 317 3190 iudioialis
344 3126 468 3191 tabells
494 3125 738 3191 oommittetur?
771 3147 869 3210 quam
892 3126 956 3190 iste
977 3147 1045 3192 uon
1066 3127 1164 3193 modo

157 3233 243 3295 oera,
269 3233 382 3278 rerum
409 3213 508 3278 etiarn
536 3213 706 3298 sanguine,
734 3214 763 3278 si
789 3213 895 3280 visum
923 3213 999 3296 erit,
1025 3215 1163 3280 notabit

104 3266 757 3453 ills
783 3300 1181 3456 feruentior*

157 3466 274 3538 Quidni
293 3470 354 3534 iste
368 3433 492 3554 beget?
529 3473 576 3538 At
594 3497 691 3559 eques
709 3412 885 3562 Rdmbnus,
909 3478 965 3562 qui
987 3413 1161 3564 Sopabrum
