2392 3944
152 143 218 208 208
452 141 492 198 IN
511 139 540 196 G.
555 139 709 197 VERREM
727 138 807 194 Aen.
827 139 860 196 Π.

152 287 262 354 monis
294 285 431 354 audistis
458 288 563 352 antea
608 282 765 350 Vicenmt
791 284 1010 371 Agyrinenses
1033 283 1147 350 frates

152 375 213 459 ita,
236 378 273 442 ut
297 377 428 461 egentes
452 373 628 458 inanesque
651 371 863 440 discederent.

99 436 144 564 ἐξ)
218 462 266 530 At
298 463 384 530 enim
416 461 456 530 cd
479 461 616 528 Verrem
647 461 784 546 pecrmia
815 461 881 526 ista
906 483 972 528 non
1002 462 1149 548 pervenit.

154 550 243 628 Quae
261 551 327 619 iste
350 550 493 617 defensio
518 550 589 614 est?
611 553 723 616 utrum
743 549 956 618 adseveratur
977 550 1012 614 in
1032 550 1094 615 hoc
1115 573 1151 614 an

152 639 356 724 temptatur?
387 639 470 706 mihi
497 637 584 704 enim
610 659 662 704 res
687 659 787 720 nova,
801 642 860 704 est.
899 636 1019 704 Verres
1041 639 1172 704 calum-⁵

153 729 296 794 nisturcs
334 727 532 812 apponebat,
564 725 683 792 Verres
717 726 832 793 adesse
863 725 1011 810 iubebat,
1040 725 1152 792 Verres
1190 791 1191 806 ,

154 815 385 902 cognoscebat,
404 813 523 880 Verres
546 813 724 898 iudicabat3
746 814 901 899 pecuniae
924 815 1085 880 maximae
1106 815 1152 880 ds·
1190 821 1191 892 j

153 905 286 987 bantur,
318 903 374 987 qui
401 902 539 985 dabant,
566 901 759 968 obtinebant
786 925 915 986 causss3
940 907 979 968 tu
1006 903 1088 969 mihi
1111 904 1154 967 its
1190 903 1191 990 ]

154 991 319 1058 defendes:
357 990 449 1058 ‘Non
482 994 534 1056 est
564 989 631 1056 ista
661 989 759 1058 Verri
789 995 961 1058 numerata
991 991 1155 1078 pecunin'?
1190 991 1191 1006 *

153 1078 282 1147 Adiuro
309 1083 356 1164 te3
383 1079 448 1148 mei
475 1100 602 1164 quoque
624 1081 725 1146 testes
747 1078 835 1146 idem
858 1079 981 1164 dicunt3
1009 1080 1152 1146 Volcatio
1163 1091 1191 1160 1⁰2

154 1169 265 1235 dicunt
288 1190 358 1235 sese
382 1168 516 1235 dedisse.
555 1167 644 1244 Quae
666 1168 716 1232 vis
739 1171 811 1234 erat
831 1168 867 1235 in
884 1166 1038 1234 Volcatio
1060 1173 1153 1251 tants,
1190 1177 1191 1252 ζ

153 1261 192 1322 ut
205 1255 261 1322 HS
276 1274 362 1324 cccc
376 1257 503 1325 miliae
517 1255 641 1322 duobus
655 1255 842 1324 hominibus
857 1255 1025 1322 auferret?
1042 1256 1153 1342 fflquis
1190 1269 1191 1275 ’

153 1344 320 1429 Volcatio,
347 1345 377 1410 si
404 1367 463 1412 suu
490 1349 606 1429 sponte
633 1344 788 1428 venisset,
815 1366 914 1412 umam
939 1345 1089 1410 libellam
1110 1345 1153 1409 de
1190 1359 1191 1420 j

154 1432 278 1499 disset?
314 1431 435 1500 Veniat
451 1455 547 1517 nunc,
569 1433 766 1516 experiatur,
788 1436 877 1500 tecto
899 1433 1036 1518 recipiet
1057 1455 1153 1499 nemo.
1190 1449 1191 1526 ζ

154 1519 202 1584 At
228 1541 289 1605 ego
316 1521 456 1604 amplius
480 1521 565 1605 dico,
591 1517 647 1587 HS
670 1520 958 1606 quadringentiens
981 1523 1105 1608 cepisse
1125 1527 1191 1610 ten,

155 1628 257 1693 arguo
291 1611 405 1674 contra
437 1609 540 1694 leges,
571 1629 655 1694 nego
683 1608 836 1694 tibiipsi
862 1609 966 1674 ullum
993 1631 1154 1676 nummum
1190 1619 1191 1698 ζ

154 1717 225 1762 esse
240 1699 467 1780 ¹numeratum
495 1695 551 1762 sed
573 1719 646 1763 cum
670 1697 711 1765 ob
734 1700 792 1764 tua
813 1697 955 1782 decreta,
982 1699 1025 1764 ob
1048 1699 1155 1780 edicta,

155 1785 197 1850 ob
224 1785 375 1871 imperia,
401 1786 444 1850 ob
471 1784 590 1852 iudicia
616 1785 769 1870 pecuniae
797 1785 973 1870 dabantur,
999 1809 1066 1852 non
1092 1791 1155 1852 erut
1190 1785 1191 1870 J

155 1874 386 1958 quaerendum,
423 1873 513 1940 cuius
548 1895 648 1940 manu
683 1878 944 1958 numerarentur,
979 1876 1039 1940 sed
1069 1876 1154 1941 cuins

101 1972 135 2023 2⁸1
155 1961 274 2028 iniuria
307 1965 508 2048 cogerentur.
556 1959 702 2028 Comites
733 1961 785 2027 illi
816 1963 866 2028 tui
897 1962 1016 2028 delecti
1047 1977 1191 2042 manusu¹

154 2053 248 2114 erant
270 2052 360 2131 tuae,
387 2048 557 2132 praefecti,
585 2050 723 2134 scribae,
751 2050 890 2133 accensi,
913 2051 1045 2135 medici,
1066 2053 1154 2118 haru-
1190 2061 1191 2132 g

154 2135 272 2218 spices,
303 2156 479 2219 praecones
510 2157 626 2202 manus
658 2141 752 2204 erent
778 2141 869 2221 tuae3
899 2142 936 2204 ut
963 2140 1102 2224 quisque
1126 2144 1155 2204 te
1190 2142 1191 2157 ¹

153 2221 294 2290 maxime
330 2222 538 2308 cognatione,
575 2221 749 2310 affinitate,
783 2227 1021 2294 necessitudine
1051 2228 1155 2313 aliqua
1190 2209 1191 2282 l

156 2309 356 2395 attingebat,
377 2310 426 2376 ita
448 2310 587 2376 maxime
610 2334 725 2380 manus
748 2316 806 2380 tua
829 2315 1022 2400 putabatur;
1044 2317 1154 2382 cohors

154 2401 226 2462 tcta
245 2400 329 2480 [tua]
347 2397 416 2483 illa,
439 2419 520 2483 quae
543 2400 617 2484 plus
640 2402 720 2467 mali
739 2399 868 2468 Siciliae
891 2403 988 2487 dedit,
1011 2426 1110 2488 qnam
1131 2403 1186 2468 sia

108 2517 110 2521 ·
153 2489 283 2552 centum
303 2487 453 2553 cohortes
471 2487 686 2573 fugitivorum
702 2489 851 2575 fuissent,
873 2494 931 2556 tua
951 2514 1066 2558 manus
1090 2494 1155 2558 sine

154 2575 376 2641 controversia
388 2575 460 2640 fuit.
492 2574 651 2660 Quicquid
665 2577 706 2642 ab
720 2578 838 2643 horum
856 2579 1011 2664 quopiam
1028 2586 1155 2665 ceptum

154 2666 214 2747 est,
232 2663 265 2727 id
278 2683 344 2730 non
358 2664 454 2731 modo
468 2663 531 2730 tibi
549 2665 670 2750 datum,
683 2666 744 2746 sed
762 2669 821 2732 tua
838 2689 937 2732 manu
954 2673 1155 2734 numeratum

153 2751 288 2817 iudicari
314 2773 444 2818 necesse
466 2756 531 2832 est.
575 2751 662 2818 Nam
685 2753 714 2819 si
735 2754 820 2820 hauc
838 2755 1065 2834 ,defensionem
1087 2779 1155 2842 pro

153 2839 289 2906 habitis:
318 2838 409 2906 ‘Non
436 2840 560 2926 accepit
586 2841 682 2927 ipse',
708 2841 786 2908 licet
813 2843 922 2910 omnia
949 2844 988 2908 de
1015 2847 1186 2930 pecuniisu

153 2928 341 3012 repetundis
368 2928 486 2994 iudicia
513 2929 654 3013 tolletis,
685 2952 780 2996 nemo
807 2953 962 3016 umquam
989 2938 1154 2998 reustum

154 3015 334 3100 convictus,
360 3021 430 3084 tarn
452 3038 571 3083 nocens
595 3018 783 3104 adducetur,
809 3019 865 3105 qui
886 3019 952 3084 ista
975 3020 1154 3087 defensione

153 3122 219 3166 non
245 3105 351 3186 possit
377 3105 439 3190 uti,
467 3105 586 3172 etenim
614 3127 687 3174 eum
704 3106 824 3172 Verres
850 3111 974 3194 utatur,
1003 3110 1074 3193 quis
1097 3111 1155 3175 erit

153 3211 308 3273 umquam
335 3193 474 3276 posthae
501 3216 575 3260 reus
602 3198 672 3260 tam
698 3196 857 3281 perditus,
885 3197 1033 3281 quinon
1058 3199 1098 3264 sd
1120 3198 1154 3274 Q.

153 3276 240 3342 Muci
266 3278 484 3348 innocentiam
512 3281 685 3366 referatur,
712 3284 742 3348 si
768 3307 841 3351 cum
865 3285 930 3350 isto
953 3285 1186 3352 enfsmsursa

153 3361 267 3444 Neque
285 3387 370 3431 nune
393 3372 461 3434 tem
484 3369 566 3434 mihi
587 3371 643 3436 isti
659 3371 794 3438 Verrem
818 3372 987 3439 defendere
1009 3376 1154 3441 videntur

155 3469 252 3530 quam
274 3450 309 3514 in
328 3452 430 3518 Verre
454 3456 649 3524 defensionis
672 3463 834 3546 temptare
856 3462 1027 3530 rationem.
