2470 3936
157 132 223 198 438
363 200 371 206 ,
453 131 493 184 m
512 129 540 186 c.
560 129 714 184 vasam
731 127 811 185 ror.
829 127 863 184 u

159 277 269 360 huius,
293 275 349 360 qui
366 278 481 359 postea-
502 273 579 357 ferit,
603 274 768 360 singulare
790 271 976 358 consilium,
997 293 1092 356 neque
1113 270 1148 338 ad

159 364 255 432 Pauli
276 363 438 430 rationem
461 384 499 428 ac
521 361 726 447 disciplinam
748 383 852 446 neque
875 360 916 426 ad
938 359 974 427 G.
990 359 1073 426 Mari
1091 360 1150 426 rim

161 458 259 538 atque
276 453 446 536 virtutem3
468 451 525 516 sed
544 450 632 518 aliud
651 471 751 536 genus
769 449 979 535 imperatoris
997 471 1072 514 sane
1091 448 1151 512 dili·

185 546 275 607 enter
286 540 489 606 retinendum
504 544 536 604 et
550 539 814 622 conservandum,
829 559 961 622 quaeso,
973 537 1151 623 cognoscite„

107 643 142 692 aa
160 563 319 696 itinerum
337 629 478 714 primum
496 629 651 711 laborem,
674 627 730 711 qui
747 627 799 692 vel
817 625 980 692 maximus
1000 630 1051 691 est
1071 626 1104 690 in
1122 647 1152 690 re
1173 642 1186 681 ⁵

160 717 311 801 militari,
344 717 479 800 iudices,
513 721 548 781 et
576 716 612 780 in
642 712 753 780 Sicilia
783 714 925 780 mamma
956 714 1154 796 necessarius,

160 806 296 891 accipite
325 826 422 888 quam
449 803 580 870 facilem
609 803 673 868 sibi
699 803 762 868 iste
787 805 821 867 et
842 801 1018 868 iucundum
1040 802 1154 868 ratione

159 893 359 978 consilioque
389 892 572 958 reddiderit.
616 891 763 956 Primum
790 890 994 977 temporibus
1021 891 1154 958 hibernis

160 981 201 1047 ad
215 981 472 1068 magnitudinem
485 979 646 1066 frigorum
660 982 694 1044 et
708 978 775 1060 [ad]
790 982 1026 1062 tempestatum
1043 980 1108 1045 rim
1123 999 1155 1044 sc

159 1071 329 1136 fluminum
355 1070 557 1155 praeclarum
579 1067 642 1133 hoo
665 1067 728 1132 sibi
749 1067 928 1133 remedium
950 1071 1190 1151 compararstw

159 1158 285 1224 Urbem
303 1157 481 1242 Syracusas
500 1158 654 1243 elegerat,
676 1155 767 1221 cuius
784 1155 837 1220 hic
858 1155 942 1221 situs
966 1159 1065 1240 atque
1086 1155 1157 1220 haec

159 1251 279 1312 natura
306 1268 376 1313 esse
403 1247 468 1312 loci
493 1246 637 1329 caelique
661 1243 790 1327 dicitur,
816 1247 856 1308 ut
877 1245 989 1309 nullus
1012 1266 1158 1329 umquam

160 1335 227 1400 dies
246 1340 315 1400 tam
333 1355 454 1421 magna
471 1356 508 1399 aa
526 1333 715 1399 turbulenta
737 1335 934 1417 tempestate
956 1332 1066 1417 fuerit,
1088 1333 1159 1418 quin

159 1422 270 1506 aliquo
288 1427 435 1507 tempore
454 1423 522 1487 eius
542 1422 604 1487 diei
623 1421 725 1486 solem
745 1420 893 1486 homines
916 1420 1068 1488 viderint.
1103 1421 1158 1486 Hic

158 1511 207 1575 ita
233 1510 365 1574 vivebat
392 1511 454 1575 iste
480 1511 586 1576 bonus
612 1510 791 1596 imperator
816 1509 963 1574 hibernis
991 1509 1196 1592 mensiones

158 1602 196 1664 ut
223 1620 295 1663 aum
323 1619 389 1663 non
414 1597 511 1664 facile
537 1619 604 1664 non
630 1598 726 1665 modo
754 1600 846 1672 extra
872 1601 1011 1682 tectum,
1044 1599 1099 1664 sed
1124 1619 1160 1662 ne

159 1691 251 1753 extra
276 1687 398 1753 lectum
425 1687 555 1772 quidem
577 1687 748 1772 quisquam
770 1685 908 1770 videret3
935 1686 986 1752 ita
1008 1686 1073 1752 diei
1094 1687 1160 1752 bre·

158 1776 243 1842 vitas
276 1775 446 1859 conviviis,
476 1775 581 1841 noctis
613 1773 784 1861 longitudo
818 1773 940 1860 stupris
969 1779 1004 1840 et
1030 1775 1161 1861 flagitiis

159 1865 394 1931 continebatur.

105 1957 140 2008 Ἢ
225 1951 308 2019 Cum
335 1957 444 2018 autem
471 1973 528 2018 ver
553 1971 624 2016 esse
646 1954 796 2036 coeperat
819 1947 926 2038 (cuius
947 1951 1081 2018 initium
1102 1952 1197 2016 muso

157 2063 224 2106 non
250 2063 271 2105 a
296 2039 440 2108 Favonio
469 2061 572 2124 neque
600 2039 642 2104 ab
670 2040 779 2124 aliquo
807 2043 897 2104 astro
924 2040 1077 2123 notabat,
1110 2040 1162 2106 sed

158 2150 230 2192 cum
258 2149 368 2192 rosam
394 2127 534 2212 viderat,
566 2132 637 2192 tum
662 2127 803 2212 incipere
830 2149 888 2193 ver
915 2127 1162 2213 arbitrabatur),

158 2215 257 2280 dabat
282 2235 317 2279 se
340 2215 446 2280 labori
469 2219 567 2300 atque
589 2216 774 2299 itineribus3
801 2216 836 2280 in
859 2216 978 2300 quibus
1001 2238 1041 2282 eo
1063 2239 1162 2301 usque

159 2323 193 2368 se
206 2303 385 2388 praebebat
403 2303 582 2387 patientem
601 2307 699 2389 atque
716 2303 902 2390 impigrum,
920 2307 958 2370 ut
976 2326 1052 2370 eum
1068 2326 1162 2370 nemo

107 2390 312 2477 llumquam
343 2392 378 2456 in
410 2413 493 2476 equo
524 2392 690 2456 sedentem
721 2392 846 2457 viderit.
894 2391 998 2479 Nam,
1028 2397 1067 2458 ut
1093 2409 1197 2459 mosa

156 2481 220 2546 fuit
239 2479 412 2564 Bithyniae
430 2481 572 2566 regibus,
593 2479 709 2545 lectica
732 2480 910 2564 octaphoro
931 2480 1109 2564 ferebatur,
1131 2482 1164 2547 in

158 2591 222 2653 qua
247 2567 406 2654 pulvinus
429 2573 499 2634 erat
525 2568 707 2653 perlucidus
734 2567 914 2634 Melitensis
941 2590 1018 2636 rosa
1044 2569 1163 2652 fartum

157 2658 227 2742 ipse
247 2661 355 2723 autem
374 2678 525 2723 eoronam
543 2657 686 2722 habebat
708 2678 807 2722 unam
828 2657 864 2733 in
886 2656 1004 2741 capite,
1024 2658 1163 2724 alteram

156 2745 192 2810 in
218 2746 303 2811 collo
330 2745 566 2830 reticulumque
593 2745 635 2810 ad
655 2745 746 2810 uaris
769 2745 833 2810 sibi
855 2745 1051 2812 admovebat
1073 2750 1164 2812 tenu·

157 2833 269 2899 issima
293 2833 369 2917 lino,
393 2834 528 2898 minutis
551 2833 696 2917 maculis,
718 2834 852 2919 plenum
873 2855 976 2900 rosae.
1013 2831 1068 2900 Sic
1089 2851 1197 2901 con-a

156 2920 242 2988 fecto
261 2921 377 2986 itinere
395 2943 468 2987 cum
489 2923 530 2987 sd
553 2921 685 3007 aliquod
709 2921 863 3007 oppidum
884 2926 1027 3006 venerat,
1051 2922 1163 2989 eadem

156 3009 272 3075 lectica
289 3031 390 3094 usque
408 3009 443 3074 in
461 3010 644 3076 cubiculum
667 3010 881 3076 deferebatur.
915 3009 965 3077 Eo
988 3012 1164 3089 veniebant

156 3094 338 3163 Siculonrm
359 3098 587 3184 magistratus,
610 3099 784 3164 veniebant
806 3099 931 3184 equites
953 3097 1110 3184 Romani,
1132 3099 1164 3164 id

156 3185 243 3268 quod
265 3207 304 3249 ex
326 3186 440 3250 multis
463 3187 578 3252 iuratis
602 3187 753 3271 audistis3
776 3187 1015 3254 controversiae
1037 3193 1163 3254 secreto

155 3271 397 3356 deferebantur,
419 3272 516 3356 paulo
540 3278 617 3359 post
638 3275 750 3361 palam
772 3274 902 3342 decreta
923 3275 1162 3342 auferebantur.
1174 3289 1196 3332 ὅ

153 3355 291 3452 Deinde,
318 3358 375 3421 ubi
401 3361 569 3446 paulisper
590 3363 626 3426 in
648 3363 796 3429 cubiculo
818 3363 940 3450 pretio,
965 3385 1033 3430 non
1056 3365 1163 3449 aequi·

153 3444 223 3505 tate
240 3461 312 3504 rura
331 3443 550 3532 discripserat,
572 3447 693 3515 Veneri
715 3451 782 3517 iam
805 3456 839 3517 et
859 3452 977 3519 Libero
1000 3453 1163 3538 reliquum
