2386 3938
262 182 300 236 IN
319 182 347 238 (t.
362 183 517 238 VERREM
535 184 644 241 ACTIO
663 185 787 241 Purus.
960 186 1021 250 121

39 329 125 390 strum
151 329 202 390 est
229 326 381 413 deligere,
409 349 504 412 quem
532 329 723 394 existimetis
751 328 905 396 facillime
927 302 1023 416 posse

38 413 275 499 magnitudinem
308 435 423 480 causae
456 438 493 481 ac
524 416 634 482 iudicii
661 418 820 482 sustinere
848 418 922 501 fide,
954 419 1023 484 dili-

38 503 138 585 gentie,
159 502 306 586 consili0,
329 504 531 569 auctoritate.
563 503 632 570 Vos
651 506 680 570 si
697 505 777 570 mibi
797 505 832 583 Q.
848 504 1023 572 Caecilium

39 591 279 674 anteposueritis,
301 613 363 677 ego
386 614 437 658 rnc
460 592 620 678 dignitate
642 598 828 677 superatum
851 615 918 659 nou
940 593 1023 658 arbi·

20 677 142 761 strabon
174 680 315 763 populus
350 679 517 746 Romanus
553 701 594 744 ne
630 685 699 746 tam
731 682 916 766 honestam,
954 689 1023 746 taur

38 785 160 830 arerem
181 767 436 853 diligentemque
454 768 691 834 accusationem
713 791 817 855 neque
839 769 932 836 vobis
955 770 1023 854 pla-

39 855 119 918 uisse
131 877 238 941 neque
253 855 359 922 ordini
372 861 479 922 vestro
497 857 625 942 placere
644 858 829 943 arbitretur,
847 858 1023 945 providete.

277 1385 324 1458 M.
349 1384 492 1459 TULLI
519 1385 766 1461 CICERONIS

66 1547 119 1630 IN
158 1547 202 1634 Ο.
237 1547 504 1634 VERREM
542 1547 731 1638 uculo
754 1551 986 1640 PRIMA.

164 1837 484 1906 ARGUMENTUM
506 1837 869 1907 Psintino-Asconii.

90 1955 165 2014 Victo
180 1959 306 2014 Caecilio
325 1962 355 2014 et
373 1961 550 2016 accusatione
570 1962 653 2016 ause
673 1961 768 2015 delata
786 1960 882 2015 Cicero
901 1976 964 2014 cum
982 1961 1022 2014 in'-

41 2025 170 2089 nutritionis
183 2033 299 2100 tempus
318 2031 347 2083 in
366 2029 490 2086 Siciliam
509 2032 681 2100 postulasset
698 2031 758 2086 dies
773 2029 819 2085 CX
838 2033 947 2086 etcum
965 2030 1023 2085 filio

41 2099 110 2160 patrui
122 2100 164 2154 sui
175 2101 273 2155 Tullio
287 2103 377 2155 totam
390 2101 564 2170 provinciam
579 2102 743 2172 colligendis
757 2101 859 2156 litteris
872 2101 1021 2156 inVerrem

41 2165 255 2242 cllmmtiandis
268 2170 438 2226 testimoniis
451 2175 632 2242 peragrasset
649 2172 747 2227 diebus
761 2172 791 2241 L,
811 2172 877 2241 quia
893 2173 1022 2242 pedestre

41 2239 125 2316 rterlex
144 2240 244 2296 Sicilia
267 2242 297 2295 et
318 2245 433 2311 propter
455 2243 591 2312 fugitivos
613 2245 643 2298 et
663 2245 779 2313 propter
793 2243 888 2298 Verris
906 2244 1023 2298 insidias

41 2304 169 2379 tentabat,
194 2328 214 2365 a
227 2309 338 2365 Vibone
356 2311 476 2367 transiit.
508 2313 579 2367 Tam
597 2316 712 2383 repente
730 2312 881 2368 adveniens
900 2331 963 2368 cum
980 2314 1022 2368 vi-

41 2373 97 2432 lerot
115 2380 143 2434 id
164 2382 228 2452 agi,
251 2383 285 2435 ut
308 2381 388 2436 aM'.
404 2381 554 2438 Glabrione
571 2386 701 2453 praetore
720 2385 749 2438 et
767 2385 802 2439 ab
821 2384 856 2439 iis
874 2383 1022 2454 iudicibus,

41 2447 74 2510 lui
86 2451 145 2506 truc
162 2454 259 2520 erant,
281 2453 318 2507 ad
336 2452 423 2507 alium
441 2471 546 2509 anuum
564 2455 704 2522 aliumque
742 2457 881 2509 raetorem
899 2473 942 2510 res
960 2459 1023 2511 tota

42 2517 144 2596 tauma
156 2523 368 2593 eripereturque
382 2522 437 2578 sibi
454 2540 519 2582 reus
536 2523 693 2594 patrocinio
735 2525 841 2580 ortensi
858 2542 892 2582 ac
905 2526 1022 2595 Metelli,

43 2591 140 2661 qutunc
154 2592 286 2648 consules
301 2593 388 2648 futuri
404 2597 485 2650 erant
503 2598 563 2665 (per
581 2596 633 2650 hos
652 2611 762 2650 omnem
771 2595 873 2652 Verres
891 2597 1022 2652 eludendi

42 2657 113 2714 ludicii
131 2662 265 2718 fiduciam
288 2667 468 2735 sumpserat),
496 2666 550 2720 hoc
572 2667 745 2720 commentus
768 2669 812 2721 est
833 2667 963 2734 rationis,
989 2669 1023 2722 ut

43 2729 168 2810 oratorem
189 2735 308 2804 longam
330 2735 566 2804 praetermitteret
586 2751 676 2804 neque
698 2736 728 2790 in
749 2737 910 2792 criminibus
929 2737 1021 2791 decla-

42 2803 137 2857 matione
146 2805 323 2860 cumulandis
331 2809 442 2875 tempus
457 2807 624 2873 absumeret,
638 2807 688 2862 sed
700 2810 811 2862 tantum
824 2808 908 2861 modo
922 2806 1023 2861 citaret

42 2867 105 2942 lusus
124 2875 159 2928 ad
181 2891 271 2930 unum
293 2876 421 2944 quodque
443 2877 548 2932 crimen
570 2877 729 2946 expositum
752 2879 781 2932 et
804 2893 851 2932 eos
871 2877 1022 2932 Hortensio

44 2940 229 3020 ulerrogandoe
251 2946 343 3014 daret;
366 2963 422 3015 qua
440 2949 499 3002 arte
517 2949 559 3002 ita
577 2951 621 3002 est
637 2948 775 3018 fatigatus
793 2946 971 3013 Hortensius,
990 2949 1023 3002 ut

44 3007 103 3078 ubil,
127 3018 224 3070 contra
248 3015 324 3084 quod
347 3017 462 3086 diceret,
490 3017 641 3086 inveniret,
664 3018 724 3088 ipse
747 3017 833 3072 etiem
851 3015 951 3071 Verres
974 3018 1021 3072 dc-

46 3086 129 3144 lleusto
145 3087 305 3155 patrocinio
324 3103 375 3141 sua
392 3090 491 3158 sponte
510 3087 667 3143 discederet
683 3087 713 3141 in
732 3087 853 3142 erilium.

93 3152 147 3210 Hoc
158 3156 248 3226 igitur
261 3157 374 3213 laborat
385 3157 415 3212 in
429 3158 555 3213 oratione
570 3160 623 3214 hac
635 3160 699 3213 tota
711 3157 828 3225 Tullius,
846 3159 879 3211 ut
892 3159 1023 3213 ostendet

46 3224 150 3281 seudolo
167 3243 221 3282 nee
239 3228 357 3297 astutia,
381 3229 431 3284 sed
447 3230 615 3286 necessitate
633 3229 725 3284 lacere
743 3229 785 3297 id,
803 3228 878 3297 quod
895 3229 974 3297 fecit,
993 3232 1023 3285 et

47 3293 111 3417 iu
123 3295 653 3426 ciricum{iustruere
664 3298 1022 3440 irruiturus

49 3433 293 3508 ussermann,
311 3412 475 3510 clispensare
493 3414 628 3496 in⁵totius
647 3456 747 3496 causae
765 3413 912 3507 actionlsm,
930 3457 966 3494 ne
985 3441 1021 3493 ad

49 3496 110 3557 llum
116 3509 269 3576 praetorem
279 3507 405 3579 aliosque
414 3510 520 3565 iudices
530 3511 611 3567 noris
626 3509 785 3565 consulibus
798 3510 966 3566 veniendum
975 3508 1019 3562 sit.
