2402 3936
156 172 222 238 324
456 170 496 224 ΙΝ
514 169 542 224 0.
556 167 712 223 VERREM
729 167 815 223 ΔΟΤ..
830 168 862 223 IL

155 318 236 382 haec
255 314 386 381 omnia?
423 313 530 390 Quid?
553 335 626 378 cum
644 313 756 397 palam
774 310 942 400 Syracusis
960 316 995 378 te
1013 312 1150 378 audiente

156 405 298 470 maximo
326 405 486 469 conventu
507 399 543 465 L.
561 400 703 467 Rubrius
726 398 764 474 Q.
783 399 964 484 Apronium
990 401 1151 485 sponsione

156 492 335 576 lacessivit,
352 491 400 560 Νι
422 490 602 555 Araomus
629 505 843 553 uremrnnnr
871 505 916 552 rs
943 505 1013 554 snu
1040 507 1076 553 ru
1100 505 1154 554 ns-

132 599 260 650 ·ctmls
287 597 368 646 3333
397 595 537 662 suumn,
563 576 645 642 haec
672 580 705 640 te
732 597 797 641 vox
822 597 890 641 non
915 577 1067 661 perculit,
1096 599 1157 642 non

157 668 369 756 perturbavit,
386 686 462 749 non,
484 669 522 730 ut
540 665 640 750 capiti
658 668 692 729 et
708 663 849 729 fortunis
868 662 934 730 tuis
952 665 1176 750 prospiceres,⁵

157 755 333 824 excitavit?
382 753 542 837 Tacuisti,
574 752 696 818 sedasti
728 753 829 817 etiam
861 752 930 817 litis
961 753 1095 818 illorum
1122 759 1158 837 ct,

105 851 147 916 58
158 844 289 930 sponsio
317 843 377 906 illa
398 862 439 906 ne
461 842 568 926 ficret,
595 840 763 906 laborasti.
804 840 869 907 Pro
892 839 925 905 di
947 841 1158 906 immortales!

157 934 219 998 hoc
238 935 296 997 aut
312 931 466 996 innocens
484 930 583 995 homo
600 929 728 1014 perpeti
750 928 912 1014 potuisset
935 932 995 994 aut
1017 931 1157 1014 quamvis

156 1041 290 1104 nocens,
321 1019 377 1104 qui
403 1018 499 1084 modo
526 1017 645 1083 iudicia
671 1016 795 1083 Romae
821 1016 892 1081 fore
923 1021 1069 1102 putaret,
1097 1040 1158 1083 non

130 1145 133 1149 ·
159 1109 269 1194 aliqua
301 1107 508 1173 simulatione
536 1104 769 1170 existimationi
797 1126 832 1170 se
858 1105 1029 1172 hominum
1055 1107 1186 1171 rendi-1⁰

107 1211 157 1260 133
175 1195 301 1263 tassst?
329 1195 412 1272 Quid
425 1199 476 1259 est
488 1194 573 1260 hoc?
591 1193 723 1278 sponsio
736 1193 776 1257 fit
790 1193 829 1258 de
843 1193 949 1279 capite
968 1215 1008 1261 ae
1025 1193 1158 1261 fortunis

157 1287 233 1370 tuis,
255 1289 292 1350 tu
312 1284 403 1349 sedes
421 1287 455 1349 et
478 1282 625 1367 quiescis,
647 1303 714 1347 non
735 1281 948 1366 persequeris,
971 1303 1039 1349 non
1060 1305 1159 1367 perse

157 1370 594 1543 3333313333
605 1367 1004 1542 33333333
1018 1371 1159 1525 litati

467 1508 476 1543 7
870 1525 873 1532 l

157 1549 220 1612 tibi
239 1546 357 1631 aliquis
376 1547 418 1611 ad
436 1568 547 1611 aurem
565 1546 754 1613 accessisset
776 1550 811 1610 et
833 1545 968 1612 dixisset
982 1546 1187 1632 Aproniana

158 1635 308 1702 dictitare
333 1639 367 1700 ts
391 1634 454 1699 sibi
477 1655 548 1700 esse
571 1634 707 1719 socium,
735 1633 931 1700 commoveri
953 1637 988 1700 te
1012 1636 1158 1721 oportuit,

158 1745 292 1791 evocare
314 1722 509 1808 Apronium,
539 1743 598 1787 nec
624 1722 730 1808 illum!
747 1725 823 1786 ante
849 1722 912 1787 tibi
941 1723 1024 1788 satis
1051 1723 1158 1806 facere,

158 1835 255 1899 quam
269 1815 307 1876 tu
321 1812 465 1877 omnium
481 1810 714 1876 existimationi
732 1810 813 1874 satis
831 1809 977 1894 fecisses3
997 1833 1070 1878 cum
1085 1833 1157 1877 rere

157 1903 192 1967 in
222 1900 294 1967 foro
327 1899 536 1965 celeberrimo
568 1902 662 1964 tanta
692 1897 875 1982 frequentia
905 1898 968 1964 hoc
998 1900 1097 1965 verbo
1126 1921 1158 1964 ac

158 1989 366 2054 simulatione
384 1987 543 2072 Apronio,
571 2007 607 2051 re
629 2007 707 2051 vera
729 1985 791 2052 tibi
814 1985 977 2052 obiectum
1001 1991 1100 2071 esset,
1126 1992 1188 2051 us

157 2098 311 2159 umquam
342 2077 470 2139 tantam
501 2075 635 2159 plagam
667 2074 786 2139 tacitus
818 2074 962 2159 accipere
993 2077 1158 2160 potuisses,

156 2163 220 2226 nisi
242 2162 304 2227 hoc
326 2161 375 2226 ita
397 2160 583 2244 statuisses,
607 2161 642 2226 in
663 2183 699 2227 re
721 2166 790 2228 tam
813 2163 989 2228 manifesta
1013 2163 1157 2248 quicquid

106 2263 156 2313 134
166 2249 311 2331 dixisses,
324 2252 358 2313 33
370 2248 511 2313 deterius
523 2270 594 2314 esse
606 2249 792 2316 facturum?
808 2249 1015 2336 Quaestores,
1027 2253 1157 2340 legatos,

69 2387 70 2392 1
156 2336 347 2424 praefectos,
370 2336 518 2403 tribunos
542 2360 617 2404 suos
640 2338 738 2404 multi
759 2338 877 2404 missos
899 2338 1048 2406 fecerunt
1070 2344 1103 2405 33
1123 2339 1156 2403 de

155 2425 323 2511 provincia
349 2425 500 2514 decedere
527 2426 703 2511 iusserunt,
731 2426 818 2511 quod
844 2427 977 2492 illorum
1005 2429 1103 2514 culpa
1127 2437 1186 2490 333

156 2514 263 2580 minus
282 2515 448 2580 commode
467 2514 577 2580 audire
596 2515 832 2580 arbitrarentur
850 2519 908 2580 aut
926 2516 1015 2600 quod
1030 2535 1155 2602 peccare

155 2604 244 2688 ipsos
264 2603 373 2686 aliqua
395 2603 430 2668 in
452 2624 487 2667 re
509 2603 702 2686 iudicarent,
724 2607 761 2668 tu
779 2603 974 2688 Apronium,
997 2605 1155 2670 hominem

155 2692 210 2757 vix
228 2691 376 2774 liberum,
394 2691 659 2775 contaminatum,
682 2690 852 2776 perditum,
874 2691 1085 2778 flagitiosum,
1107 2691 1155 2775 qui

156 2800 222 2845 non
244 2778 339 2845 modo
363 2778 506 2844 animum
529 2780 701 2865 integrum,
725 2779 782 2844 scd
803 2800 844 2845 ne
866 2779 1011 2846 animam
1034 2781 1154 2866 quidem

156 2891 271 2953 puram
299 2888 489 2934 conservare
515 2868 690 2953 potuisset,
717 2889 790 2933 eum
816 2866 852 2932 in
874 2871 968 2934 tanto
990 2873 1049 2935 tuo
1073 2868 1186 2933 dcdcs

156 2978 230 3022 core
243 2956 389 3043 profecto
402 2976 466 3023 aaa
478 2977 519 3020 33
531 2958 631 3021 verbo
647 2955 775 3041 quidem
789 2955 938 3042 graviore
952 2958 1154 3042 appellasses,

155 3065 259 3126 neque
292 3045 378 3130 apud
404 3048 437 3109 te
464 3049 533 3110 tam
563 3048 675 3111 sancta
702 3044 818 3131 religio
845 3045 1011 3110 societatis
1038 3045 1153 3125 fuisset,

155 3132 193 3194 ut
224 3131 274 3196 tui
305 3132 420 3217 capitis
452 3133 632 3219 periculum
662 3133 865 3220 neglegeres,
895 3133 960 3198 nisi
993 3154 1061 3200 rem
1091 3137 1152 3197 tam

155 3221 268 3283 notam
292 3240 362 3286 esse
385 3221 534 3287 omnibus
558 3225 684 3288 ettam
706 3221 912 3287 manifestam
934 3221 1069 3288 videres

104 3315 156 3364 135
223 3302 305 3369 Cum
333 3309 445 3374 eodem
467 3309 614 3395 Apronio
641 3315 756 3395 postea
782 3310 818 3374 P.
841 3307 1036 3394 Scandilius,
1063 3317 1186 3394 equcs³⁵

156 3388 330 3473 Romanus,
349 3417 444 3477 quem
462 3418 521 3462 ros
540 3418 651 3462 omnes
669 3399 783 3482 nostis,
801 3398 934 3463 eandem
953 3398 1151 3482 sponsionem

157 3473 195 3537 de
219 3476 372 3543 socictate
394 3480 481 3566 fecit,
504 3505 601 3568 quam
621 3484 763 3552 Rubrius
785 3491 890 3553 faeere
912 3486 1068 3552 voluerat.
1104 3482 1151 3546 In·
