2402 3936
171 165 237 228 244
472 162 512 216 IN
530 163 559 218 C.
574 161 729 216 venitm
747 160 828 216 Aci.
846 161 880 216 ll.

171 309 406 393 septenumque
448 307 566 372 denum
607 305 807 371 senatorium
848 325 967 371 nomen
1006 304 1170 370 nundinsti

170 399 261 480 sunt,
290 399 338 479 et,
365 395 452 480 quod
479 393 661 478 Halaesini,
689 393 909 476 antiquissimi
936 396 971 459 st
996 392 1171 458 fidelissimi

171 484 251 550 socii
271 487 369 568 etque
392 482 497 567 amici,
519 481 642 548 Romae
663 481 891 566 impetrarent,
911 485 950 546 ut
971 480 1059 566 apud
1081 503 1116 545 se
1136 503 1170 544 ne

171 572 336 658 suffragiis
356 571 485 657 quidem
503 570 575 636 fieri
592 570 713 653 liceret,
736 570 769 634 id
786 570 894 654 pretio
914 573 953 636 ut
969 569 1040 636 fieri
1058 571 1171 655 posset,

171 661 286 727 effecit.

118 719 170 846 &3
237 747 450 834 Agrigentini
482 747 521 814 de
550 750 664 812 senstn
691 746 875 832 cooptando
901 743 1063 831 Scipionis
1089 745 1172 830 leges

172 836 323 919 antiques
341 836 473 920 hebent,
496 836 531 900 in
553 835 669 919 quibus
692 838 726 898 et
748 835 808 899 ille
830 834 943 900 eedem
967 837 1082 900 sancte
1103 837 1171 898 sunt

171 927 204 988 et
217 924 279 989 hoo
298 925 448 1009 emplius.
469 922 562 989 'Oum
572 922 864 1009 Agrigentinorum
883 923 946 988 duo
965 943 1087 1008 genere
1106 923 1171 1002 sint,

170 1034 271 1078 unum
295 1016 456 1095 veterum,
484 1013 624 1078 ultorum
646 1011 849 1094 colonorum,
877 1031 959 1094 quos
982 1009 1018 1074 Τ.
1037 1009 1170 1076 Mmhus

171 1104 303 1186 praetor
321 1122 361 1166 ex
384 1104 515 1167 senatus
538 1100 687 1166 consulto
710 1100 750 1164 de
772 1098 902 1184 oppidis
921 1097 1106 1164 Siculorum
1127 1099 1187 1162 de¹

172 1189 263 1256 duxit
290 1188 522 1276 Agrigentum,
553 1192 684 1254 cautum
714 1188 826 1254 estin
854 1184 1015 1273 Scipionis
1042 1187 1170 1274 legibus,

170 1299 212 1342 ne
248 1278 358 1362 plures
395 1281 503 1343 essent
538 1277 573 1342 in
605 1279 720 1342 senatu
752 1298 791 1342 ex
823 1276 1013 1342 colonorum
1045 1295 1169 1341 numero

172 1387 270 1449 quam
288 1387 327 1430 ex
345 1370 454 1432 vetere
468 1365 768 1452 Agrigentinorum.
803 1362 880 1448 Istc,
904 1365 960 1449 qui
978 1364 1090 1430 omnic
1108 1363 1170 1429 iure

171 1453 276 1536 pretio
305 1456 516 1537 exaequasset
542 1453 749 1537 omniumque
771 1473 880 1518 rerum
902 1452 1059 1518 dilectum
1082 1456 1169 1535 ctqnc

172 1539 344 1604 discrimen
375 1541 512 1622 pecunie
543 1542 743 1625 sustulisset,
774 1561 841 1606 non
868 1540 964 1607 modo
992 1540 1066 1624 illo,
1097 1555 1187 1624 qnee¹

171 1630 266 1693 erent
297 1628 429 1712 aetatis,
464 1628 587 1695 ordinis
618 1632 849 1714 quaestusque,
884 1629 1088 1714 permiscuit,
1121 1625 1169 1692 sed

171 1715 271 1782 etiem
291 1716 327 1781 in
348 1717 401 1782 his
425 1715 550 1784 duobus
575 1717 748 1804 generibus
770 1717 889 1782 civium
911 1739 1072 1783 novorum
1093 1721 1169 1780 vete

120 1816 171 1866 124
189 1827 325 1890 rumque
347 1805 502 1871 turbavit.
541 1803 629 1870 Num
649 1827 723 1872 cum
742 1809 828 1870 esset
851 1827 890 1870 ex
912 1810 1023 1871 vetere
1044 1825 1187 1871 numero

171 1893 303 1977 quidem
321 1897 452 1960 senator
471 1894 668 1977 demortuus,
689 1898 815 1959 etcum
838 1914 877 1958 ex
898 1897 1039 1978 utroque
1061 1912 1167 1980 genere
1186 1880 1187 1939 l

170 2003 231 2066 per
252 2003 405 2047 numerus
427 1981 571 2066 reliquus
595 1986 689 2065 esset,
713 1985 856 2048 veterem
878 1984 1028 2065 cooptari
1048 1993 1186 2048 necesse¹

172 2073 242 2133 eret
260 2069 399 2154 legibus,
420 2073 459 2134 ut
476 2071 505 2134 is
524 2069 664 2153 amplior
685 2091 838 2135 numerus
862 2074 956 2135 esset.
994 2069 1083 2146 Quee
1102 2071 1186 2136 cum*

170 2155 220 2220 ite
237 2177 272 2221 se
289 2178 341 2222 res
360 2157 510 2241 heberet,
532 2161 643 2222 temen
664 2157 707 2222 ed
728 2157 829 2223 istum
852 2161 999 2242 emptum
1022 2159 1186 2259 venerunt*

57 2241 62 2248 '
170 2244 266 2309 illum
297 2245 404 2311 locum
435 2245 635 2314 senatorium
666 2267 734 2312 non
760 2247 866 2312 solum
892 2250 1035 2331 veteres,
1066 2265 1165 2312 verum

171 2331 271 2397 etiem
288 2334 374 2399 novi.
413 2332 476 2417 Fit,
498 2336 536 2398 nt
555 2333 661 2418 pretio
683 2355 787 2400 novus
810 2333 920 2400 vincet
941 2335 1165 2420 litterasquee

170 2424 321 2506 praetore
348 2421 475 2487 adferet
499 2421 727 2508 Agrigentum.
769 2420 982 2508 Agrigentini
1009 2424 1051 2489 cd
1076 2419 1185 2504 istunt

170 2507 298 2594 legatos
329 2510 478 2594 mittunt,
510 2510 567 2595 qui
594 2532 667 2575 eum
694 2510 784 2596 leges
813 2510 948 2577 doceant
976 2509 1185 2578 consuetudi-l

170 2619 308 2682 nemque
331 2598 476 2663 omnium
498 2619 658 2664 annorum
681 2598 916 2684 demonstrent,
938 2603 977 2664 ut
998 2600 1062 2666 iste
1083 2598 1164 2664 intel·

171 2685 295 2771 legeret
313 2686 343 2750 ei
366 2708 400 2750 se
423 2685 518 2751 illum
540 2687 648 2752 locum
671 2687 863 2770 vendidisse,
885 2687 937 2753 cui
958 2709 1001 2753 uc
1022 2707 1163 2756 commer-

170 2774 255 2840 cium
283 2773 412 2858 quidem
440 2795 509 2840 esse
537 2777 711 2860 oporteret.
761 2773 905 2851 Quorum
933 2776 1081 2844 oratione
1103 2777 1184 2854 iste„

170 2883 244 2928 cum
256 2861 397 2946 pretium
414 2862 481 2926 iem
499 2863 685 2946 accepisset,
701 2885 743 2928 ne
760 2864 924 2929 tantulum
943 2864 1073 2948 quidem
1090 2857 1184 2930 con-t

119 2957 170 3008 125
188 2953 296 3016 motus
324 2955 382 3016 est.
427 2949 518 3016 Idem
543 2951 621 3016 fecit
642 2949 828 3018 Heracleae.
873 2950 960 3017 Nem
987 2975 1027 3020 eo
1051 2971 1162 3039 quoqne

170 3038 303 3104 colonos
330 3037 365 3104 P.
388 3037 537 3122 Rupilius
570 3039 702 3104 deduxit
728 3039 881 3125 legesque
909 3039 1032 3107 similes
1061 3041 1098 3106 de
1121 3060 1162 3104 eo

170 3125 459 3281 {titillet
475 3126 992 3301 sideritim&
1005 3147 1161 3303 ,iffi

170 3299 303 3384 accepit,
325 3302 498 3368 sedetiam
517 3323 637 3388 genere
657 3308 803 3370 veterum
825 3303 863 3371 s'c
884 3326 1044 3372 novorum
1065 3309 1182 3372 nume-³

116 3389 158 3453 51
169 3406 303 3467 rumque
338 3389 535 3469 permiscuit.
587 3389 699 3456 Nolite
733 3397 916 3478 expectere,
952 3394 1029 3460 dum
1063 3411 1158 3460 onmes

170 3470 286 3534 obeam
318 3473 464 3538 oratione
496 3497 568 3541 mee
599 3478 762 3564 civitatem
792 3480 855 3547 hoc
884 3503 949 3547 uno
976 3484 1182 3567 complectori
