2402 3936
156 169 221 235 292
460 167 502 222 IN
518 167 547 223 (l.
562 166 715 222 VERREM
733 165 811 222 ACT.
830 167 863 221 II.

156 314 298 396 cubaret,
316 312 351 377 in
364 309 547 380 cubiculum
560 310 765 377 introductus
779 315 840 392 est,
858 309 1021 395 quodnisi
1034 309 1157 374 mulieri

156 406 190 468 at
212 402 389 468 decumano
412 399 547 486 patebat
569 399 626 464 alii
648 399 779 464 nemini.
820 397 872 464 Ibi
893 420 968 464 oum
990 397 1108 484 pugnis
1129 401 1158 460 at

156 489 299 558 calcibus
331 489 477 556 condens
507 491 607 570 esset,
637 488 696 572 qui
720 501 792 553 occ
823 486 995 552 medimnis
1022 485 1159 551 decime

155 579 325 664 noluisset,
346 577 438 642 mille
454 575 616 661 promisit.
651 573 833 640 Eubulidas
853 579 904 640 est
919 575 1069 659 Grospus
1085 572 1160 639 Oen-

156 667 329 752 turipinus,
352 665 452 730 homo
474 685 548 730 cum
570 663 693 728 virtute
716 667 749 728 st
771 661 946 729 nobilitate
970 662 1058 728 domi
1081 681 1181 742 sucas

156 759 227 820 tum
258 753 358 818 etiam
386 753 523 838 pccrmia
550 751 708 838 princeps.
753 749 838 818 Huic
866 751 1006 834 homini,
1037 750 1161 830 iudices,

156 841 405 910 honestissimae
436 841 580 906 civitatis
611 839 844 905 honestissimo
875 857 943 904 nou
970 839 1074 906 modo
1103 838 1161 902 iru-

157 929 259 994 menti
285 929 416 1013 scitote,
443 928 500 994 sed
526 929 653 1009 [etiam]
676 928 764 993 ritae
787 933 822 993 et
843 927 1016 1014 sanguinis
1038 932 1161 992 tantun

157 1018 306 1084 relictum
331 1039 415 1103 asae,
443 1021 601 1102 quantum
623 1016 749 1101 Aproni
772 1016 884 1082 lubido
901 1016 1001 1102 tulit,
1028 1015 1161 1095 namvi,

158 1108 258 1190 malo,
289 1107 398 1194 plagis
430 1105 587 1171 adductus
620 1108 683 1188 est,
714 1109 751 1169 ut
775 1105 937 1170 'frumenti
965 1105 1073 1188 daret,
1104 1123 1183 1168 nonu

105 1207 138 1256 57
158 1199 316 1280 quantum
343 1195 488 1277 deberet,
516 1192 572 1258 sed
596 1196 755 1276 quantum
778 1197 957 1279 cogeretur.
995 1191 1161 1259 Sostratus

158 1287 191 1348 et
214 1282 394 1349 Numenius
422 1286 455 1348 et
477 1279 731 1366 Nymphodorus
758 1281 901 1346 eiusdem
927 1282 1073 1348 civitatis
1096 1301 1161 1346 eum

158 1393 198 1436 ex
221 1371 309 1457 agris
332 1375 401 1436 tres
422 1369 543 1436 fratres
565 1373 733 1435 consortes
755 1369 992 1457 profugissent,
1019 1370 1107 1456 quod
1127 1369 1160 1432 iis

157 1458 232 1542 plus
250 1457 406 1523 frumenti
427 1458 659 1544 imperabatur,
682 1477 780 1542 quam
804 1463 963 1542 quantum
987 1459 1160 1536 exarmant,

157 1545 345 1610 hominibus
363 1546 484 1612 coactis
506 1547 541 1610 in
564 1565 676 1610 eorum
697 1546 861 1611 arationes
880 1545 1048 1630 Apronius
1069 1545 1183 1626 reniti

159 1653 254 1699 omne
276 1635 529 1700 instrumentum
552 1633 696 1718 diripuit,
720 1633 880 1699 familiam
903 1635 1050 1719 abduxit,
1072 1654 1160 1720 pecus

158 1723 279 1809 abegit.
328 1722 446 1788 Postea
475 1743 547 1788 cum
577 1721 618 1785 a'd
646 1741 719 1787 eum
745 1720 999 1808 Nymphodorus
1027 1724 1161 1788 venisset

158 1810 300 1877 Aetnam
319 1816 352 1877 et
370 1813 487 1894 oraret,
506 1814 544 1876 ut
563 1809 628 1874 sibi
645 1831 704 1874 sua
721 1811 980 1898 restituerentur,
1002 1811 1159 1877 hominem
1182 1891 1183 1898 ἵ

158 1900 279 1985 corripi
306 1922 344 1965 ac
371 1898 524 1984 suspendi
549 1897 646 1962 iussit
673 1899 708 1962 in
734 1899 877 1964 oleastro
902 1901 1059 1986 quodam,
1088 1901 1183 1986 quael

159 1991 209 2051 est
228 1988 334 2071 arbor,
356 1987 487 2069 iudices,
500 1984 636 2049 Aetnae
653 1986 688 2051 in
709 1986 791 2053 foro.
832 1987 912 2051 Tam
934 1987 992 2053 diu
1015 1987 1182 2074 pependits

158 2074 193 2138 in
207 2073 323 2138 arbore
336 2074 442 2140 socius
462 2073 647 2156 amicusque
665 2075 780 2158 populi
793 2074 933 2140 Romani
951 2076 988 2140 in
1003 2077 1160 2143 sociorum
1181 2099 1182 2135 l

158 2161 238 2226 urbs
257 2181 295 2225 ac
316 2160 398 2244 foro,
421 2161 555 2225 colonus
578 2165 752 2246 aratorque
774 2166 891 2246 vester,
914 2183 1015 2248 quam
1039 2165 1095 2231 diu
1116 2185 1160 2228 vo

159 2249 269 2312 luntas
288 2248 415 2334 Aproni
437 2248 524 2314 tulit.
1180 2307 1181 2335 ,

108 2347 140 2397 ⁶8
226 2334 353 2402 Genera
387 2337 454 2401 iam
491 2337 611 2402 dudum
646 2337 932 2404 innumerabilium
954 2341 1159 2419 ‘iniuriarum

159 2423 289 2510 iudices,
312 2424 450 2512 singulis
467 2425 654 2491 nominibus
675 2426 815 2512 profero,
836 2427 999 2494 infinitam
1022 2421 1180 2510 multitu-l}

159 2513 266 2579 dinem
284 2513 477 2578 iniuriarum
499 2513 734 2598 praetermitto.
773 2513 843 2580 Vos
867 2521 942 2582 ante
965 2518 1080 2582 oculos
1103 2515 1180 2582 ani-¹

64 2641 68 2648 ·
159 2623 294 2686 mosque
307 2605 435 2666 vestros
453 2605 526 2666 tota
539 2599 650 2668 Sicilia
668 2602 918 2668 decumanorum
936 2605 998 2670 hos
1016 2606 1158 2692 impetus,

160 2694 327 2755 aratorum
358 2690 569 2774 direptiones,
600 2689 696 2754 huius
723 2691 1008 2776 inportunitatem,
1042 2690 1179 2779 Aproni*

159 2799 296 2864 regnum
314 2779 494 2864 proponite.
526 2776 730 2862 Contempsit
748 2775 882 2862 Siculos,
905 2801 972 2846 non
995 2782 1089 2846 duxit
1110 2783 1157 2845 ho-

108 2921 128 2983 2
161 2867 263 2932 mines
281 2887 341 2932 nec
361 2866 450 2950 ipsos
475 2865 516 2930 ad
538 2866 796 2951 persequendum
818 2868 1019 2934 vehementis
1042 2870 1113 2936 fore
1133 2855 1178 2932 etl

108 2924 217 3046 594vos
244 2975 354 3020 eorum
377 2954 512 3018 iniurias
535 2954 652 3019 leviter
675 2955 801 3020 laturos
823 2956 1033 3022 existimarit.
1074 2958 1158 3034 Esica

159 3040 277 3106 falsam
310 3043 349 3107 de
375 3043 443 3107 illis
469 3041 586 3106 habuit
613 3042 813 3128 opinionem,
846 3045 968 3110 malam
996 3047 1035 3110 de
1063 3045 1177 3126 robis,

160 3149 272 3193 verum
301 3135 425 3215 tamen,
455 3153 528 3195 cum
557 3129 596 3194 de
619 3127 736 3195 Siculis
763 3133 849 3198 male
872 3138 1064 3219 mereretur,
1090 3133 1158 3200 ciris

159 3215 324 3281 Romanos
348 3218 462 3301 coluit,
484 3218 525 3282 iis
547 3217 698 3303 indulsit,
721 3239 833 3286 eorum
855 3222 1020 3287 voluntati
1043 3229 1076 3288 et
1098 3244 1176 3326 gru,

159 3301 225 3364 tiae
247 3303 373 3366 deditus
395 3305 467 3370 fuit.
503 3305 570 3369 Iste
593 3305 673 3370 civis
692 3306 881 3373 Romanos?
917 3309 963 3374 At
985 3311 1086 3376 nullis
1107 3311 1175 3374 ini-³

160 3385 274 3483 micior
287 3393 344 3451 aut
357 3390 508 3455 infestior
524 3392 597 3455 fuit.
633 3392 731 3458 Mitto
750 3395 865 3480 vincla,
884 3398 982 3463 mitto
1001 3419 1155 3478 carcerem,
1174 3473 1175 3476 Ἴ

159 3475 256 3534 mrtto
283 3474 431 3554 verbera,
463 3479 560 3542 mitto
588 3499 729 3564 secures,
758 3503 884 3549 oruoem
912 3485 1051 3570 denique
1077 3479 1175 3550 illurnl
