2392 3944
160 161 227 226 200
458 158 498 214 IN
518 157 547 214 0.
567 156 722 215 VERREM
740 156 820 214 Aen.
838 155 872 212 11.

122 292 141 356 l
227 303 334 370 Multa
366 303 448 370 mihi
483 302 679 385 necessario,
713 301 850 386 iudices,
884 301 1157 385 praetermittenda

126 370 252 477 1sunt,
274 395 312 458 ut
334 390 458 477 possim
482 391 589 475 aliquo
613 390 709 456 modo
733 389 907 474 aliquando
931 389 969 454 de
992 389 1046 454 his
1067 389 1159 469 rebus,

162 502 245 564 quae
267 502 358 546 meae
381 479 457 544 fidei
475 479 667 545 commissae
687 480 772 562 sunt,
795 477 908 543 dicere.
948 477 1071 562 Recepi
1087 477 1159 540 euim

162 591 294 635 causam
322 566 466 651 Siciliae;
497 589 536 633 ea
562 565 614 632 me
642 567 684 632 ad
714 566 777 631 hoc
808 565 976 652 negotium
1008 564 1173 649 provincia*

163 658 307 723 attraxit.
352 655 425 742 llgo
454 659 566 721 tamen
591 655 655 720 hoc
681 675 779 720 onere
806 657 956 738 suscepto
985 656 1021 718 et
1046 655 1173 735 recepta

163 767 261 811 causa
274 742 435 809 Siciliensi
448 745 616 828 amplexus
631 742 740 808 animo
755 763 827 806 sum
842 742 1013 825 aliquanto
1028 741 1162 824 amplius.

164 830 296 916 Suscepi
323 831 410 897 enim
437 853 568 898 causam
595 831 698 896 totius
725 829 861 913 ordinis,
889 829 1020 914 suscepi
1047 851 1163 894 causam

162 920 210 984 rei
236 919 399 1005 publicae,
427 919 513 1005 quod
539 918 698 1004 putabam
724 921 796 983 tum
825 917 962 1002 denique
986 921 1077 982 recte
1098 915 1174 980 iudi-³

163 1008 231 1073 cari
257 1030 366 1093 posse,
395 1007 423 1073 si
449 1027 516 1073 non
542 1007 638 1073 modo
665 1027 740 1072 reus
762 1005 931 1090 improbus
954 1005 1163 1084 adduceretur,

164 1096 347 1164 sedetiam
374 1096 513 1183 diligens
541 1118 579 1162 ac
605 1095 717 1162 firmus
747 1097 916 1160 accusator
948 1093 992 1158 ad
1025 1093 1174 1159 iudicium*

126 1203 144 1254 n
163 1185 298 1251 veniret.
329 1185 400 1263 Quo
418 1184 500 1250 mihi
518 1183 677 1249 maturius
695 1182 737 1247 ad
755 1179 885 1248 Siciliae
901 1202 1037 1247 causam
1050 1179 1161 1246 venien·

163 1273 239 1338 dum
263 1276 314 1339 est
336 1272 460 1338 relictis
483 1272 599 1338 ceteris
622 1271 690 1336 eius
711 1269 810 1335 furtis
833 1273 930 1353 atque
959 1269 1112 1356 flagitiis,
1135 1264 1175 1348 utl

163 1363 197 1426 et
223 1360 348 1426 viribus
375 1382 473 1444 quam
499 1358 720 1447 integerrimis
747 1379 845 1444 agere
872 1361 905 1423 et
932 1357 975 1424 ad
1009 1357 1162 1424 dicendum

162 1448 320 1533 temporis
343 1448 424 1512 satis
446 1447 568 1512 habere
591 1448 724 1533 possim.

229 1535 339 1618 Atque
354 1539 528 1618 antequam
543 1535 582 1599 de
598 1534 811 1602 incommodis
825 1532 954 1600 Siciliae
973 1533 1175 1619 dico,pauca1

163 1622 245 1688 mihi
267 1621 418 1688 videntur
441 1643 511 1687 esse
535 1622 574 1688 de
597 1623 782 1708 provinciae
805 1621 979 1708 dignitate,
1004 1614 1176 1700 vetustatem

162 1711 307 1776 utilitate
334 1707 476 1776 dicenda.
525 1707 613 1776 Nam
641 1733 714 1777 cum
742 1707 886 1776 omnium
913 1709 1080 1776 sociorum
1104 1728 1163 1794 pro

163 1799 406 1884 unciarumque
427 1797 589 1866 rationem
612 1798 786 1885 diligenter
808 1797 927 1864 habere
946 1798 1086 1881 debetis,
1105 1801 1162 1859 tun

164 1888 335 1973 praecipue
358 1885 502 1971 Siciliae,
527 1887 662 1971 iudices,
687 1886 838 1974 plurimis
861 1885 1114 1972 iustissimisque
1133 1883 1163 1945 de

164 1977 283 2061 causis,
314 1977 458 2061 primum
491 1975 578 2061 quod
609 1975 754 2042 omnium
784 1974 954 2042 nationum
992 1962 1177 2042 exteterunt

164 2064 315 2148 princeps
351 2063 462 2129 Sicilia
498 2083 532 2130 se
569 2063 610 2130 ed
646 2063 825 2129 amicitiam
862 2063 1024 2146 fidemque
1066 2057 1163 2146 populi

163 2149 304 2216 Romani
322 2151 509 2236 applicavit.
545 2151 657 2216 Prima
675 2151 828 2235 omnium,
850 2151 884 2214 id
903 2149 989 2235 quod
1009 2168 1164 2216 ornamen-

164 2241 235 2302 tum
257 2237 387 2322 imperii
409 2241 468 2323 est,
490 2239 659 2325 provincia
677 2241 727 2304 est
745 2239 919 2324 appellata,
940 2239 1052 2324 prima
1070 2233 1163 2303 docuit

164 2325 304 2391 maiores
327 2329 467 2411 nostros,
490 2347 589 2412 quam
607 2328 810 2412 praeclarum
829 2331 915 2392 esset
932 2327 1056 2394 exteris
1075 2322 1164 2414 genti·

163 2413 225 2478 bus
251 2412 425 2498 imperare,
452 2415 525 2481 sela
549 2415 614 2480 fuit
640 2437 679 2481 ea
704 2415 768 2480 fide
790 2414 1076 2500 benivolentiaque
1097 2425 1177 2497 erga¹

162 2501 319 2586 populum
345 2501 544 2587 Romanum,
575 2507 613 2568 ut
642 2503 791 2570 civitates
823 2503 892 2568 eius
919 2503 1061 2588 insulae,
1093 2520 1163 2586 quae

164 2590 264 2656 semel
276 2590 312 2656 in
326 2591 503 2658 amicitiam
517 2595 666 2658 nostram
680 2591 855 2675 venissent,
867 2613 1045 2675 numquam
1060 2593 1163 2676 postea

164 2678 350 2763 deficerent,
380 2679 552 2764 pleraeque
585 2683 693 2751 autem
726 2683 759 2746 et
790 2679 930 2746 maxime
960 2679 1108 2746 illustres
1135 2675 1163 2739 in

127 2766 308 2833 aamicitia
329 2771 485 2852 perpetuo
509 2771 687 2833 manerent.
722 2766 839 2852 Itaque
855 2767 1033 2832 maioribus
1051 2763 1162 2833 nostris

162 2853 198 2921 in
223 2855 369 2921 Africam
397 2877 435 2921 er
464 2854 526 2922 hac
557 2856 724 2942 provincia
756 2855 876 2942 gradus
908 2855 1037 2939 imperii
1068 2855 1177 2920 facturr

164 2946 225 3008 est.
267 2941 381 3029 Neque
405 2945 491 3010 enim
513 2945 583 3010 tam
605 2943 701 3010 facile
724 2965 800 3027 opes
825 2941 1034 3030 Carthaginis
1061 2945 1162 3009 tautae

163 3031 392 3115 concidissent,
418 3033 484 3098 nisi
510 3031 592 3098 illud
615 3035 649 3097 et
670 3032 718 3098 rei
739 3029 972 3098 frumentariae
994 3031 1162 3098 subsidium

123 3119 197 3192 2et
237 3121 476 3203 receptaculum
516 3120 676 3186 classibus
714 3119 836 3185 nostris
872 3123 1009 3204 pateret
1067 3119 1162 3196 Quare

162 3202 197 3269 P.
216 3201 391 3272 Africanus
409 3207 534 3274 Cartha
560 3208 567 3223 ’
592 3230 610 3272 e
629 3208 734 3274 deleta
752 3205 935 3275 Siculorum
953 3208 1050 3273 urbes
1069 3203 1160 3292 signis

162 3289 451 3389 monumentisque*
462 3295 538 3381 pulc
562 3295 691 3362 errimis
709 3295 887 3380 exornavit,
909 3300 955 3378 ut,
976 3301 1056 3384 quds
1073 3296 1177 3360 victer

161 3398 212 3439 rra
233 3379 348 3460 populi
369 3379 509 3446 Romani
531 3383 671 3448 maxime
694 3383 811 3448 laetari
834 3383 1065 3467 arbitrabatur,
1086 3376 1159 3466 apud

126 3471 219 3525 reos
241 3468 453 3528 monumenta
474 3469 630 3534 victoriae
647 3471 790 3553 plurima
808 3470 991 3536 collocaret
1025 3470 1159 3552 Denique
