2470 3936
329 179 437 235 nutv
469 180 545 237 cnr.
564 187 635 258 effe
653 188 669 248 s
688 189 800 240 10-14.
1001 185 1069 252 433

52 321 269 408 provinciae?
310 323 359 388 Tu
387 346 468 409 quos
496 346 606 391 servos
635 348 726 392 arms
753 349 867 412 cepere
890 331 923 392 et
945 329 1068 395 bellum

53 410 168 475 fecere
193 410 228 476 in
250 409 360 477 Sicilia
383 413 526 478 voluisse
548 435 707 500 eognorss
731 419 765 480 et
788 415 826 480 de
849 416 976 481 consilii
999 438 1068 482 sen-

53 499 168 563 tentis
180 499 350 582 iudicares,
368 500 428 566 hos
443 501 484 566 ed
503 502 697 586 supplicium
715 502 781 568 iem
800 524 890 568 more
908 503 1069 570 meierum

54 587 203 652 traditos
222 609 261 652 ex
279 589 385 653 medis
402 592 509 655 morte
527 587 650 673 eripere
669 612 707 656 ac
729 591 868 656 liberere
892 613 988 656 susus
1011 591 1068 656 es?

29 679 111 758 sut,
143 697 244 759 quem
276 676 445 746 damnetis,
469 699 595 744 crucem
623 679 726 744 servis
751 679 882 762 fixeras,
912 679 996 746 hunc
1022 681 1069 746 in·

56 763 223 828 demnstis
251 764 401 830 videlicet
427 764 551 832 civibus
574 765 730 832 Rcmunr's
757 789 950 834 reservares.
992 767 1068 834 Per·

57 851 149 916 ditae
188 851 335 918 civitates
372 853 551 938 desperetis
586 854 652 918 ism
689 855 838 922 omnibus
875 857 971 922 rebus
1007 856 1068 922 hos

58 940 171 1004 solent
189 939 294 1005 exitus
313 941 453 1006 exitialis
472 941 600 1024 hebere,
622 946 660 1006 ut
682 943 827 1008 dsnrneti
849 943 884 1008 in
905 944 1068 1030 integrum

57 1027 290 1112 restituantur,
317 1029 419 1094 vincti
441 1029 623 1114 solventur,
651 1031 759 1095 exules
783 1031 990 1116 reducentur,
1015 1055 1067 1098 res

18 1115 222 1181 uindicatae
257 1117 487 1182 rescindantur.
541 1117 630 1194 Quae
665 1139 738 1184 cum
776 1118 936 1203 accidunt,
971 1140 1067 1186 nemo

58 1209 125 1286 est,
154 1203 234 1288 quin
258 1203 431 1291 intelleget
457 1226 549 1270 ruere
575 1206 669 1270 illum
691 1228 761 1271 rem
783 1207 960 1292 publicem,
987 1207 1068 1275 heec

57 1292 118 1358 ubi
141 1291 305 1376 evenient,
332 1314 428 1358 nernc
450 1297 514 1377 est,
538 1294 594 1378 qui
615 1294 718 1359 ullum
742 1316 833 1380 spem
856 1295 973 1360 salutis
995 1297 1068 1362 reli·

58 1380 621 1536 isterciensis
646 1382 1067 1556 irentinus
1087 1397 1121 1448 ¹³

351 1519 360 1553 5

24 1573 46 1616 ιε
60 1556 223 1641 supplicio
251 1561 309 1622 eut
334 1557 430 1623 exilio
458 1558 657 1642 levarentur,
687 1563 814 1627 utnon
840 1560 882 1625 sb
909 1561 950 1626 iis
978 1561 1069 1646 ipsis,

60 1646 118 1730 qui
145 1644 355 1729 iudicassent,
387 1649 422 1711 et
448 1667 514 1711 non
541 1647 668 1730 statim,
699 1650 827 1712 utnon
853 1669 964 1714 eorum
991 1650 1068 1715 feci·

59 1753 179 1798 norum
193 1732 347 1816 damnati,
365 1755 446 1818 quae
465 1733 506 1799 ud
524 1734 627 1800 vitem
645 1737 679 1798 et
697 1733 738 1798 ed
755 1734 904 1800 fortunus
922 1736 1068 1802 omnium

59 1821 271 1907 pertinerent.
320 1821 391 1887 Hoc
418 1843 494 1888 vero
521 1843 642 1886 novum
670 1821 797 1886 eteius
825 1823 912 1923 modi
940 1827 1003 1908 est,
1030 1828 1068 1890 ut

25 1929 169 2061 ..litt
181 1912 341 2081 titt,
364 1912 1068 2083 illidit?dlliftllltiff'illiiii

61 2089 167 2167 cerat,
193 2088 230 2150 ut
253 2086 365 2150 stetim
388 2084 534 2150 emedio
557 2085 717 2170 supplicio
740 2085 912 2170 dimiserit,
939 2090 977 2152 ut
999 2087 1068 2152 eius

60 2172 217 2240 facinoris
235 2172 406 2238 damnatos
425 2194 545 2257 servos,
564 2173 650 2258 quod
668 2174 710 2239 ed
728 2175 872 2242 omnium
891 2175 1068 2242 liberorum

62 2262 213 2346 caputet
231 2261 421 2349 sanguinem
439 2262 626 2346 pertineret.
661 2262 689 2328 0
707 2264 910 2348 praeclarum
928 2264 1068 2349 impete
1088 2276 1122 2326 14

61 2351 169 2415 torem
191 2370 250 2414 nee
273 2351 339 2416 iam
361 2371 435 2416 eum
456 2348 508 2414 Μ’.
527 2347 675 2433 Aquilio,
699 2349 881 2416 fortissimo
904 2352 989 2435 viro,
1012 2352 1068 2418 sed

28 2453 140 2502 severo
173 2458 246 2502 cum
274 2436 399 2521 Paulis,
431 2434 648 2522 Scipionibus,
680 2436 793 2502 Mariis
824 2437 1068 2505 conferendum!

62 2529 234 2590 tantumne
271 2525 390 2593 vidisse
428 2525 463 2591 in
501 2527 590 2590 metu
627 2523 834 2609 periculoque
869 2525 1067 2610 provinciae!

63 2611 147 2680 Cum
169 2613 376 2679 servitiorum
399 2613 524 2678 animos
546 2612 581 2677 in
603 2609 715 2678 Sicilie
737 2633 911 2697 suspensos
934 2616 1069 2698 propter

63 2703 187 2768 bellum
206 2700 322 2767 Italiae
340 2701 555 2788 fugitivorum
572 2700 706 2784 videret,
725 2721 766 2766 ne
784 2701 856 2785 quis
876 2723 911 2766 se
929 2722 1069 2767 commc-

63 2812 138 2856 vere
171 2789 318 2874 auderet,
349 2794 506 2875 qnantum
537 2789 672 2854 terroris
701 2788 825 2855 iniecit!
874 2787 1069 2873 Comprendi

29 2895 51 2937 ³⁰
64 2878 175 2962 iussit,
197 2878 270 2962 quis
287 2899 353 2944 non
373 2877 603 2963 pertimescat?
627 2898 758 2944 causam
781 2877 884 2942 dicere
907 2877 1069 2962 domines,

64 2967 141 3052 quid
166 2987 260 3032 servo
282 2970 352 3032 tem
374 2965 644 3031 formidolosum?
683 2963 971 3031 Fnc1ssnvmnn1
993 2986 1069 3050 pro-

63 3055 207 3137 nuntiet,
234 3058 380 3120 exortam
407 3053 535 3119 videtur
561 3053 726 3120 flaminem
753 3073 930 3138 paucorum
957 3052 1069 3118 dolore

65 3166 101 3209 ec
121 3145 229 3208 morte
250 3142 447 3208 restinxisse.
483 3140 566 3217 Quid
589 3140 703 3207 deinde
726 3139 893 3225 sequitur?
923 3138 1069 3208 Verbere

66 3235 163 3316 etque
176 3231 269 3318 ignes
284 3234 317 3296 et
329 3231 389 3296 ills
403 3233 547 3296 extreme
561 3229 603 3294 ed
618 3228 813 3315 supplicium
832 3229 1069 3314 damnatorum,

32 3325 188 3386 emotum
211 3323 404 3403 ceterorum,
432 3318 593 3384 cruciatus
616 3321 650 3392 et
672 3339 757 3384 erun
797 3315 895 3383 Hisce
918 3317 1069 3384 omnibus

67 3407 232 3494 suppliciis
256 3411 332 3472 sunt
354 3407 494 3473 liberati.
534 3405 613 3483 Quis
637 3405 775 3490 dubitet,
800 3405 880 3490 quin
901 3427 1069 3472 serrorum

67 3498 190 3562 animos
223 3517 350 3562 summa
380 3493 552 3562 formidine
581 3494 792 3582 oppresserit,
823 3516 897 3560 eum
923 3494 1070 3560 viderent

115 3608 170 3653 cru.
183 3608 251 3650 nn
821 3603 856 3653 es
