2386 3938
347 125 425 184 CAP.
440 133 510 183 4-o
527 133 543 194 ἓ
562 134 674 184 13-21.
953 129 1018 195 105

37 273 99 338 tetis
127 272 209 358 epud
237 294 296 339 vos
328 272 364 338 in
395 293 453 337 suo
484 272 554 337 iure
585 272 762 356 repetundo
796 273 874 340 sooii
904 273 1018 359 populi

35 361 163 445 Romani,
194 361 355 446 supplices
388 359 502 444 vestri,
532 361 653 426 hebere
681 361 828 425 debeant.
872 358 922 426 De
954 383 1018 446 quo

36 449 96 532 quid
115 469 171 534 ego
192 449 288 532 plura
310 450 582 516 commemorem?
606 449 699 532 quusi
718 469 795 514 vero
814 449 947 514 dubium
966 450 1020 535 sit,

36 538 95 620 quin
119 540 187 602 tota
215 537 268 601 lex
296 537 335 601 de
362 537 506 623 pecuniis
528 536 715 622 repetundis
739 537 900 602 sociorum
923 559 1020 602 cause

18 626 190 692 seonstituta
203 625 256 690 sit.
290 623 377 690 Nam
390 625 513 690 nivibus
528 646 601 690 oum
615 629 691 690 sunt
709 629 840 710 ereptae
857 626 1020 710 pecuniae,
1040 641 1072 692 18

35 713 104 778 civili
131 712 199 778 fere
230 712 358 778 notione
387 716 421 778 et
449 713 577 798 privato
608 713 678 778 iure
705 717 910 798 repetuntur3
940 714 1020 780 haee

35 802 72 865 lex
88 801 210 867 socialis
230 805 289 885 est,
311 801 374 866 hoo
392 801 443 866 ius
461 801 630 866 nationum
650 805 832 867 exterarum
856 808 914 887 est,
937 803 1021 868 hano

35 888 134 954 habent
156 911 264 954 arcem
288 889 395 954 minus
418 889 586 973 eliquanto
608 911 693 954 nuno
715 889 843 974 quidem
861 891 1021 957 munitam

37 999 112 1060 quem
138 981 248 1062 entes,
276 999 388 1042 rerum
417 981 541 1060 tannen,
569 977 598 1041 si
626 999 690 1061 que
716 978 843 1062 relique
865 999 939 1063 spes
962 984 1021 1063 est,

13 1088 99 1148 uquae
119 1065 279 1131 sociorum
304 1066 429 1131 animos
453 1065 614 1130 consolari
636 1065 750 1150 possit,
772 1087 812 1130 ee
829 1067 947 1131 totein
960 1067 1022 1132 heo

36 1153 90 1238 lege
116 1153 223 1239 posita
252 1156 315 1237 est3
343 1153 432 1218 ouius
461 1153 543 1237 legis
566 1174 632 1218 non
654 1153 751 1218 modo
774 1176 794 1218 a
816 1154 937 1239 populo
960 1154 1022 1220 Ro·

36 1263 124 1325 nuno,
148 1241 206 1307 sed
234 1241 334 1306 etiem
363 1242 405 1306 ab
434 1241 559 1306 ultimis
588 1241 776 1306 nationibus
809 1241 1021 1326 iampridem

37 1330 118 1393 seueri
138 1329 288 1396 custodes
311 1330 527 1414 requiruntur.
568 1328 646 1404 Quis
669 1349 748 1414 ergo
770 1333 829 1412 est,
852 1331 908 1414 qui
924 1335 1023 1417 neget
1042 1348 1075 1398 19

38 1421 162 1500 oportere
186 1439 299 1484 eorum
323 1417 485 1483 arbitratu
508 1418 580 1503 lege
604 1417 667 1503 agi,
690 1439 828 1501 quorum
851 1440 948 1484 ceusu
971 1421 1022 1483 lex

14 1505 70 1568 usit
91 1506 285 1572 constitute?
337 1504 446 1571 Sicilie
473 1508 546 1571 tote
572 1505 601 1570 si
627 1508 694 1570 une
720 1527 797 1570 rooe
827 1507 1023 1591 loqueretur,

39 1591 83 1658 hoe
102 1594 232 1660 diceret:
256 1592 361 1669 ‘Quod
384 1595 463 1678 euri,
486 1593 572 1678 quod
593 1593 730 1678 argenti,
753 1594 839 1678 quod
856 1617 1023 1660 ornamen-

40 1683 124 1746 torum
145 1682 179 1747 in
207 1681 288 1747 meis
314 1682 464 1766 urbibus,
494 1681 637 1763 sedibus,
665 1682 807 1746 delubris
833 1682 910 1764 fuit,
938 1685 1025 1766 quod

39 1767 136 1836 inune
158 1791 285 1854 queque
307 1791 343 1835 re
365 1769 521 1836 beneficio
541 1774 672 1835 senatus
690 1770 867 1854 populique
885 1771 1024 1835 Romani

39 1855 99 1920 iuris
114 1858 220 1942 hebui,
242 1857 277 1922 id
294 1858 376 1922 mihi
392 1862 439 1942 tu,
462 1857 495 1942 O.
513 1856 642 1941 Verres,
664 1857 812 1942 eripuisti
833 1860 930 1941 atque
954 1859 1024 1922 abs·
1095 1873 1099 1882 ’

15 1945 136 2030 otilisti3
157 1968 221 2031 quo
244 1946 375 2011 nomine
398 1947 456 2011 ebs
479 1951 513 2012 te
539 1945 725 2011 sestertium
748 1945 876 2010 miliens
896 1947 1024 2032 exlege

40 2032 147 2116 repeto?
192 2032 229 2098 Si
251 2034 415 2118 universe,
436 2039 473 2100 ut
497 2033 575 2118 dixi,
603 2033 770 2118 provincie
792 2033 883 2118 loqui
905 2038 1024 2118 posset,

40 2117 85 2184 hso
106 2143 180 2188 vooe
207 2125 368 2205 uteretnr3
401 2123 552 2206 quonium
579 2121 613 2186 id
639 2143 705 2187 non
733 2125 877 2207 poteret,
908 2122 1024 2187 harum

41 2228 125 2273 rerum
144 2214 296 2288 notorem,
320 2231 416 2294 quem
433 2211 585 2276 idoneum
603 2231 673 2275 esse
693 2210 854 2275 arbitrata
871 2215 930 2293 est,
953 2211 1025 2295 ipsu

42 2293 145 2382 delegit.
193 2297 235 2362 In
266 2297 334 2362 eius
366 2298 455 2363 modi
485 2320 521 2363 re
553 2298 724 2382 quisquam
755 2302 824 2363 tam
854 2299 1024 2383 impudens
1043 2315 1077 2366 20

16 2385 202 2470 ereperietur,
225 2385 283 2470 qui
305 2385 346 2450 sd
369 2386 508 2452 alienum
531 2407 662 2452 oensem
684 2386 796 2451 invitis
813 2385 863 2470 iis,
887 2408 1024 2471 quorum

42 2473 182 2556 negotium
205 2478 265 2557 est,
289 2473 437 2539 accedere
461 2478 518 2540 eut
541 2474 707 2558 adspirare
729 2473 868 2538 nudent?
895 2473 930 2539 Si
952 2475 1023 2559 tibi,
1043 2477 1064 2543 6

43 2554 68 2629 Q·
91 2557 216 2646 Caecili,
248 2561 311 2626 hoo
342 2559 443 2627 Siculi
479 2563 633 2628 dicerent:
671 2561 729 2626 ‘Te
764 2584 831 2627 non
865 2563 1024 2646 novimus,

43 2648 189 2734 nescimus,
217 2649 274 2733 qui
304 2649 362 2732 sis,
389 2671 565 2734 numquam
595 2654 627 2714 te
657 2653 753 2715 entes
775 2650 927 2733 vidimus3
956 2649 1024 2714 sine

44 2752 84 2797 uos
106 2759 160 2821 per
187 2759 262 2802 eum
288 2742 418 2803 nostras
445 2738 593 2803 fortunus
622 2737 805 2821 defendere,
833 2738 922 2803 ouius
946 2737 1024 2801 fides

19 2825 79 2884 eeu
95 2826 183 2890 nobis
201 2824 355 2911 oognita',
377 2847 485 2890 nonne
502 2827 536 2891 id
555 2826 705 2909 dicerent,
729 2827 814 2911 quod
833 2825 935 2890 cuivis
953 2845 1025 2908 pro·

44 2905 100 2976 bare
120 2913 294 2990 deberent?
330 2913 424 2979 Nune
446 2913 508 2981 hoo
530 2914 648 2999 dicunt,
671 2918 844 2998 utrumque
864 2933 898 2977 se
916 2933 1026 2997 nosse,

46 2997 205 3067 alterumue
220 3023 337 3087 oupere
356 3001 556 3069 defensorem
575 3022 645 3068 esse
662 3002 867 3068 fortunarum
887 3022 1026 3085 suerum,

47 3084 157 3154 alterum
170 3091 270 3175 plene
282 3090 380 3155 nolle.
417 3088 482 3156 Cur
498 3091 615 3175 nolint,
639 3090 767 3156 etiamsi
784 3092 923 3174 taceant,
946 3090 1026 3155 setis
1045 3109 1078 3159 21

48 3169 141 3262 dirunt3
172 3200 285 3243 rerum
316 3199 381 3243 non
408 3182 531 3264 taeent3
561 3183 672 3245 temen
698 3179 752 3242 iis·
767 3176 970 3243 invitissimis
993 3183 1027 3244 te

25 3260 156 3331 soteres?
183 3269 295 3332 temen
322 3266 356 3330 in
383 3267 489 3332 aliena
516 3289 614 3333 ceusu
644 3267 798 3351 loquere?
830 3269 941 3330 tumen
972 3288 1027 3333 eos

50 3343 178 3439 defendes,
200 3355 257 3438 qui
276 3375 310 3418 se
329 3355 371 3419 ab
390 3355 540 3420 omnibus
560 3355 703 3420 desertos
722 3355 830 3440 potius
849 3377 947 3438 quem
969 3355 1028 3419 ube

50 3433 233 3508 ledefensos
266 3463 336 3507 esse
368 3444 516 3508 malunt?
552 3447 664 3508 temen
694 3442 735 3506 iis
768 3464 900 3526 opernm
937 3446 1027 3505 tunm
