2470 3936
157 147 224 212 444
453 143 492 198 IN
512 143 541 199 0.
559 141 713 198 VERREM
731 141 809 197 ΔΟΤ.
828 141 863 197 Π.

158 293 262 357 sceret
288 293 322 354 et
350 289 449 375 paulo
477 291 553 354 ante
581 291 666 353 osset
693 287 731 351 dc
753 285 816 352 hoo
838 285 1020 371 Tempsano
1040 283 1144 349 incom-

158 378 254 444 modo
281 377 483 460 nuntiatum,
511 398 584 441 cum
610 375 809 440 inveniretur
834 395 945 456 nemo,
971 372 1026 457 qui
1044 372 1078 437 in
1096 372 1149 436 illa

158 468 231 533 loca
242 488 315 532 cum
328 464 465 551 imperio
480 464 673 546 mitteretur,
687 462 880 545 dixissetque
893 459 1151 546 quidamVerrcm

159 577 229 620 esse
255 576 322 620 non
348 555 446 639 longe
473 574 493 617 a
515 551 668 636 Tempsa,
697 573 794 635 quam
820 550 916 615 valde
943 549 1082 615 universi
1106 548 1153 613 ad·

159 642 441 724 murmuraverint,
460 662 558 725 quam
573 640 685 725 palam
702 638 865 724 principes
884 637 1025 702 dixerint
1043 641 1176 704 contras

158 731 204 798 Et
217 731 269 797 his
282 734 334 796 tot
347 729 536 794 criminibus
550 727 810 811 testimoniisque
824 727 993 792 convictus
1006 726 1042 790 in
1054 746 1157 790 eornm

158 820 284 886 tabella
306 839 397 902 spem
420 817 484 881 sibi
507 817 651 901 aliquam
673 815 836 902 proponit,
860 836 1000 899 quorum
1023 813 1158 880 omnium

107 908 270 1031 17palam
293 927 391 1008 causa
411 905 579 1007 incognita
599 925 679 1006 ppce
703 904 875 970 damnatus
899 901 972 967 est?
1066 991 1101 1004 ..

105 1043 140 1095 ⁴2
159 993 517 1167 adtledtpt
536 991 969 1165 {ltlllttqllltlll
986 1011 1194 1144 {teliu

159 1193 264 1257 neque
295 1169 376 1236 belli
406 1170 585 1255 periculum
611 1168 676 1234 fuit
702 1168 738 1233 in
764 1167 874 1234 Sicilia
902 1189 1007 1252 neque
1036 1168 1077 1234 ab
1101 1168 1160 1232 isto

159 1260 327 1345 provisum
354 1261 417 1342 est,
443 1279 485 1323 ne
512 1257 598 1342 quod
621 1260 720 1341 esset3
748 1259 882 1322 atvero
906 1260 1024 1322 contra
1046 1257 1161 1322 bellum

159 1348 359 1433 praedonum
378 1347 516 1412 classem
532 1344 649 1410 habuit
670 1348 818 1411 ornatam
842 1344 1111 1430 diligentiamque
1131 1344 1163 1408 in

160 1457 198 1500 eo
224 1435 437 1521 singularem,
464 1435 575 1519 itaque
598 1434 640 1498 ab
662 1433 727 1498 isto
751 1433 916 1518 praeclare
940 1432 1077 1498 defensa
1096 1453 1162 1518 pro

159 1523 267 1588 vincia
287 1526 345 1588 est.
386 1519 440 1587 Sic
461 1523 500 1588 de
522 1522 610 1587 bello
632 1520 842 1606 praedonum,
865 1521 912 1585 sic
935 1520 975 1585 de
998 1522 1103 1587 classe
1120 1519 1162 1585 Si·
1175 1543 1197 1586 ra

159 1609 297 1695 ciliensi,
323 1609 458 1694 iudices,
486 1608 604 1694 dicam,
631 1613 669 1674 ut
694 1608 848 1674 bociam
871 1613 947 1674 ante
971 1610 1165 1692 confirmem,

159 1701 195 1765 in
212 1700 274 1765 hoc
292 1720 356 1764 uno
376 1719 492 1786 genere
511 1698 616 1763 omnis
635 1697 740 1762 inesse
759 1698 871 1782 culpas
888 1697 985 1762 istius
1010 1698 1165 1763 maximas

161 1788 327 1871 avaritiae,
349 1786 541 1870 maiestatis,
564 1786 754 1870 dementiae,
776 1785 930 1868 lrbrdmrs,
956 1786 1166 1852 crudelitatis.

160 1877 249 1944 Haec
272 1877 348 1942 dum
370 1875 513 1940 breviter
536 1895 671 1961 expono,
695 1895 823 1958 quaeso,
845 1877 882 1937 ut
904 1873 1033 1939 fecistis
1058 1875 1166 1958 adhuc,
1228 1905 1229 1908 ¹

161 1965 218 2029 dili
243 1968 335 2030 enter
358 1963 530 2028 adtendite.
1176 1987 1199 2028 a

106 2058 141 2109 43
258 2074 310 2118 em
322 2053 474 2116 navalem
489 2051 631 2134 primum
649 2050 697 2115 ita
716 2048 786 2115 dieo
805 2070 875 2114 esse
894 2048 1167 2136 administrmam,

159 2161 226 2204 non
244 2139 294 2238 uti
311 2139 478 2223 provincia
497 2136 730 2239 defenderetur,
753 2138 808 2203 sed
826 2137 875 2201 uti
898 2138 1014 2204 classis
1038 2141 1165 2205 nomine

159 2222 1165 2401 tttltrlttlltt,Slttttttttttuttt
1227 2335 1228 2338 ψ

159 2424 313 2468 numerus
330 2405 505 2467 nautarum
527 2401 733 2486 militumque
754 2401 982 2486 imperaretur,
1006 2405 1165 2470 maximae
1177 2428 1200 2468 a

161 2495 194 2558 et
227 2490 501 2576 locupletissimae
533 2489 659 2555 civitati
689 2489 903 2555 Mamertinae
933 2489 1018 2555 nihil
1052 2491 1165 2559 horum

159 2579 372 2664 imperavisti.
412 2577 463 2643 Ob
488 2578 572 2644 hanc
593 2600 663 2643 rem
687 2577 763 2661 quid
785 2577 848 2642 tibi
870 2576 1062 2644 Mamertini
1084 2581 1164 2646 clam

160 2667 314 2754 pecuniae
329 2666 484 2750 dederint,
499 2670 584 2751 post,
603 2667 631 2730 si
644 2665 815 2750 ridebitur,
833 2687 872 2745 ex
885 2667 1033 2750 ipsorum
1046 2668 1163 2734 litteris

107 2761 143 2811 44
160 2756 364 2839 testibusque
391 2775 590 2839 quaeremus.
634 2752 761 2819 Navem
787 2775 864 2820 vero
888 2754 1044 2838 cybaeam
1067 2757 1164 2822 maxi-

161 2867 249 2911 mam
276 2841 418 2909 triremis
445 2842 550 2908 instar
579 2841 843 2926 [pulcherrimam
871 2846 967 2928 atque
996 2845 1198 2910 ornatissi-ao

161 2955 248 2999 mam
266 2932 434 3017 cybaeam]
453 2931 563 3016 palam
582 2929 784 2996 aedificatam
804 2934 935 3016 sumptu
953 2932 1087 3016 publico
1108 2938 1163 2999 tuo

159 3021 290 3087 nomine
317 3020 446 3104 publice
474 3019 594 3084 sciente
622 3022 694 3084 tota
716 3015 827 3084 Sicilia
852 3041 911 3104 per
933 3021 1163 3106 magistratum

162 3112 373 3192 senatumque
390 3105 620 3173 Mamertinum
638 3105 701 3171 tibi
721 3107 832 3172 datam
855 3106 1076 3192 donatamque
1098 3131 1163 3176 esse

161 3195 240 3261 dico.
285 3195 376 3260 Haec
397 3196 490 3262 navis
514 3198 632 3261 onusta
654 3193 775 3280 praeda
797 3192 970 3282 Siciliensi,
993 3198 1162 3284 cumipse

161 3302 287 3364 quoque
320 3287 406 3347 esset
438 3305 476 3348 ex
502 3283 635 3368 praeda,
667 3283 764 3348 simul
792 3305 864 3350 curn
891 3283 962 3368 ipse
990 3284 1195 3370 decedereta
1225 3281 1226 3309 ³

161 3367 298 3449 adpulsa
314 3366 444 3434 Veliam
472 3375 523 3435 est
551 3392 623 3436 cum
650 3371 800 3456 plurimis
827 3372 923 3437 rebus
946 3376 980 3436 et
1001 3373 1058 3458 iis,
1086 3395 1160 3459 quas

159 3453 222 3517 iste
244 3449 384 3516 Romam
411 3456 542 3522 mittere
570 3479 642 3523 cum
669 3458 784 3525 ceteris
812 3459 908 3526 furtis
930 3461 1051 3546 noluit,
1082 3462 1161 3546 quod
