2422 3952
156 165 199 228 34
325 160 397 216 pao
418 145 831 215 snx.acsc10rnnn1no
851 157 995 213 canno.

156 309 204 372 ita
223 328 295 372 snm
315 305 459 390 cupidus,
476 308 514 369 ut
533 304 606 369 aliis
625 326 696 368 eam
715 307 922 388 praereptam
935 303 1046 368 velim.
1084 303 1178 378 Quae

156 404 209 460 nie
231 395 334 481 igitur
357 414 409 459 res
432 396 563 479 practer
586 396 709 458 ceteros
733 391 874 476 impulit,
897 395 935 456 ut
953 413 1089 458 causam
1105 391 1178 457 Sex.
1201 447 1202 474 ,

156 483 255 548 Rosci
273 481 471 568 reciperem?
502 479 594 565 Quia,
621 481 649 544 si
670 479 726 564 qui
744 480 883 544 istorum
907 479 1052 562 dixisset,
1077 479 1202 565 [quosi

158 570 274 638 videtis
294 571 429 654 adesse,]
452 570 622 653 inquibus
647 589 774 633 summa
797 567 974 633 auctoritas
999 572 1051 633 cst
1074 573 1178 653 atque

157 660 351 745 amplitude,
381 658 410 722 si
431 657 566 722 verbum
589 657 627 721 de
650 678 685 721 re
708 655 840 741 publica
860 655 1006 740 fecisset,
1028 657 1064 720 id
1089 657 1199 741 quod·

157 750 191 813 in
219 748 280 812 hac
309 767 406 811 causa
432 745 503 809 ficri
531 766 661 810 necesse
689 748 753 828 est,
784 745 888 809 multo
914 745 1012 828 plura
1044 744 1179 827 dixisse,

122 860 139 906 3
159 858 255 921 quam
269 833 413 917 dixisset,
430 836 614 919 putaretur3
633 853 694 918 ego
714 836 823 898 autem
841 832 869 896 si
888 833 1007 916 omnia,
1027 854 1116 917 quas
1136 834 1178 898 di·

159 923 259 988 cenda
282 926 367 1007 sunt,
389 922 491 987 libare
515 922 634 1005 dixere,
657 943 863 1005 nequaqnam
885 924 996 986 tamen
1021 921 1179 986 similiter

159 1012 263 1077 oratio
291 1033 363 1077 mea
390 1011 477 1074 exire
510 1014 608 1095 atque
638 1009 674 1074 in
705 1010 823 1095 volgus
854 1030 1005 1074 emanare
1036 1011 1178 1094 poterit,

159 1099 272 1166 deinde
296 1099 382 1184 quod
406 1103 586 1165 ceterorum
602 1118 707 1182 neque
727 1096 848 1162 dictum
867 1097 1043 1162 obscurum
1060 1103 1198 1183 potest1

159 1210 229 1253 esse
247 1192 381 1274 propter
398 1187 605 1253 nobilitatem
622 1190 655 1250 et
669 1185 916 1270 amplitudinem
929 1207 1036 1270 neque
1050 1190 1177 1252 temere

160 1277 245 1341 dicto
270 1277 401 1342 concedi
423 1279 557 1360 propter
581 1278 723 1340 aetatem
746 1277 780 1338 et
800 1273 1023 1358 prudentiam,
1053 1297 1120 1362 ego
1151 1275 1177 1338 si

159 1365 236 1449 quid
268 1363 402 1430 liberius
435 1363 557 1447 dixero,
594 1363 646 1427 vel
679 1362 841 1428 occultum
878 1381 961 1447 esse,
998 1368 1178 1448 propterca

159 1453 245 1536 quod
273 1452 418 1518 nondum
446 1451 486 1516 ad
513 1473 581 1516 rem
608 1450 773 1536 publicam
801 1450 935 1533 accessi,
962 1451 1017 1515 vel
1047 1452 1176 1537 ignosci

158 1538 393 1606 adulescentiae
410 1540 560 1624 poterit,
592 1539 725 1604 tametsi
753 1559 820 1605 non
851 1539 947 1604 modo
981 1539 1196 1625 ignoscendi1

157 1627 256 1710 ratic,
288 1649 400 1693 verum
433 1627 531 1693 etiam
562 1627 776 1714 cognoscendi
808 1626 1007 1693 consuetudo
1036 1627 1107 1694 iam
1138 1629 1175 1692 de

122 1716 290 1786 scivitate
309 1716 441 1781 sublata
464 1719 522 1781 est.
563 1715 698 1782 Accedit
720 1716 779 1780 illa
802 1736 931 1800 quoque
955 1735 1063 1800 causa,
1088 1715 1175 1801 quod

158 1828 177 1870 a
207 1805 322 1871 ceteris
354 1804 495 1871 forsitan
526 1805 574 1871 ita
605 1805 745 1890 petitum
778 1803 836 1888 sit,
867 1807 904 1867 ut
936 1803 1099 1888 dicerent,
1140 1808 1175 1867 nt

157 1895 318 1960 utrumvis
346 1895 437 1960 salvo
467 1893 573 1959 officio
600 1892 706 1959 faeere
734 1915 768 1958 se
798 1914 894 1978 posse
918 1891 1174 1974 arbitrarentur,

157 2005 177 2046 a
199 2005 251 2048 me
275 1986 384 2048 antem
407 1983 431 2046 ii
454 1981 697 2066 contenderunt,
721 1981 776 2065 qui
799 1980 886 2065 apud
907 1984 1012 2045 meet
1027 1981 1173 2046 amicitia

158 2074 191 2134 et
213 2070 377 2134 beneficiis
401 2074 433 2133 et
461 2070 620 2155 dignitate
648 2069 825 2154 plurimum
851 2072 1004 2153 possunt,
1033 2091 1172 2154 quorum

157 2177 218 2241 ego
245 2178 304 2222 neo
326 2157 580 2222 benivolentiam
603 2179 681 2244 arga
705 2179 755 2222 me
777 2157 929 2243 ignorare
951 2178 1011 2222 nec
1035 2157 1174 2223 anctori-

9 2401 10 2424 ,
117 2245 775 2420 atiss,ostensionis?
789 2246 1173 2418 perstricturus

158 2420 279 2486 electus
311 2442 406 2504 unns,
440 2422 495 2505 qui
527 2422 668 2487 maximo
700 2421 846 2508 ingenio,
878 2421 934 2485 sed
965 2421 1102 2488 relictus
1136 2443 1172 2486 cx

158 2508 322 2594 omnibus,
350 2511 406 2593 qui
428 2510 563 2576 minimo
590 2510 733 2596 periculo
761 2530 891 2595 possem
919 2508 1039 2594 dicere,
1066 2531 1172 2595 neque

156 2597 206 2662 nti
229 2598 311 2664 satis
333 2598 428 2664 firmo
447 2599 608 2684 praesidio
628 2598 777 2664 defensus
797 2595 867 2662 Sex.
886 2597 1035 2682 Roscius,
1058 2621 1171 2664 verum
1201 2583 1202 2676 t

157 2687 268 2752 utine
292 2687 422 2752 omnino
447 2688 591 2759 desertus
615 2690 710 2752 esset.

222 2774 376 2842 Forsitan
411 2776 589 2860 quaeratis,
626 2775 682 2860 qui
712 2775 776 2842 iste
807 2778 913 2840 terror
945 2775 990 2839 sit
1023 2780 1057 2840 et
1089 2796 1171 2860 qnae
1201 2779 1202 2814 ¹

156 2867 251 2931 tanta
272 2864 425 2948 formido,
454 2885 536 2948 quae
558 2868 610 2930 tot
633 2887 671 2930 ac
692 2863 771 2929 talis
793 2863 880 2929 viros
903 2863 1076 2948 impediat,
1108 2885 1171 2948 qno

157 2953 263 3020 minus
286 2976 346 3039 pro
369 2953 476 3038 capite
494 2956 527 3017 et
544 2952 685 3017 fortunis
705 2951 847 3035 alterius,
871 2952 1025 3035 quemad
1038 2953 1170 3018 modum
1201 3017 1202 3061 ,

157 3046 407 3126 consueverunt,
430 3063 561 3107 cansam
584 3041 687 3107 velint
710 3040 823 3106 dicere.
869 3039 962 3114 Quod
984 3039 1091 3106 adhuc
1114 3061 1170 3106 vos
1201 3079 1202 3106 ι

155 3126 308 3212 ignorare
330 3151 397 3196 non
419 3130 539 3196 mirum
562 3133 628 3214 est,
650 3131 824 3214 propterea
846 3128 933 3213 quod
955 3129 1107 3195 consulto
1131 3128 1170 3192 ab
1201 3161 1202 3202 ι

9 3265 10 3294 ,
158 3218 400 3284 accusatoribus
429 3219 497 3284 eius
524 3219 585 3303 rei,
618 3239 700 3302 quae
731 3216 884 3282 conflavit
916 3217 978 3282 hoc
1006 3216 1170 3297 indicium,

9 3297 10 3374 J
122 3301 279 3368 amentio
302 3304 390 3370 facta
412 3311 559 3372 nonest.
597 3303 685 3382 Quae
709 3326 761 3370 res
784 3327 822 3370 aa
845 3305 917 3370 est?
952 3303 1047 3371 Bona
1065 3263 1202 3391 parrisd

156 3390 289 3455 huiusce
312 3389 382 3456 Sex.
401 3391 508 3477 Rosci,
532 3415 614 3476 quae
638 3396 714 3460 sunt
737 3393 916 3479 sexagiens,
939 3414 1021 3478 quac
1042 3393 1081 3459 de
1100 3393 1168 3459 viro
1201 3397 1202 3454 ff

158 3476 339 3545 clarissimo
364 3483 397 3545 et
413 3479 603 3565 fortissimo,
626 3480 661 3546 L.
679 3479 780 3566 Sulla,
803 3502 899 3565 quem
917 3481 1053 3548 honoris
1072 3501 1169 3550 causa
1201 3505 1202 3508 ¹
