2392 3944
261 205 331 262 mn.
348 207 379 260 1.
404 206 480 263 ch.
499 213 605 262 n-rr
623 214 638 275 s
657 214 805 264 ree-112.
961 210 1036 275 .181

45 369 80 412 an
100 347 132 413 in
154 357 227 414 eu'm
251 369 371 415 annum
394 351 546 436 progredi
567 372 663 416 nemo
685 351 807 436 poterit
829 353 947 438 edida,
973 375 1037 438 quo
1125 332 1129 339 Ι

45 439 162 518 praetor
188 436 272 501 alius
295 436 424 504 futurus
448 443 507 523 est,
528 439 564 504 in
586 440 688 524 illum,
712 460 776 522 quo
800 440 884 504 elius
906 446 1037 526 praetor

44 522 104 607 luit,
123 524 346 610 regredietur?
379 527 427 592 Ac
445 528 474 591 si
492 528 553 593 hoc
571 528 660 611 iuris,
681 548 748 592 non
765 528 860 592 unius
878 529 1019 594 hominis
1038 540 1090 590 110

44 633 129 676 eausa
162 612 332 698 edixisses,
367 615 493 680 cautius
525 615 758 699 conposuisses.
800 615 935 682 Scribis:
972 616 1089 692 eures

23 715 200 766 mensumn
217 717 322 766 rnen·
341 719 497 770 rncnmr.
533 703 626 788 Quid,
647 705 676 768 si
693 705 768 788 plus
787 704 916 791 legarit,
939 727 1037 789 quam

45 789 77 854 ad
92 789 241 856 heredem
260 789 433 857 heredesve
451 792 641 876 perveniet?
665 792 751 876 qued
772 813 831 878 per
854 793 960 880 le'ge'm
973 792 1038 858 Vo-

43 877 155 943 antem
179 878 218 960 ei,
242 879 298 962 qni
320 884 433 946 census
447 902 522 946 *non
544 881 596 963 s'it,
618 880 710 964 licet3
733 901 790 945 cur
811 880 884 965 hoc,
906 903 978 947 eum
1001 882 1036 946 in

44 966 142 1042 eodem
164 983 283 1054 genere
307 967 359 1051 sit,
380 969 586 1034 nonreaves?
627 967 711 1044 Quia
731 989 798 1033 non
821 971 957 1054 generis,
979 969 1037 1034 sed

42 1053 170 1120 hominis
189 1076 322 1120 cansam
339 1057 454 1122 verbis
468 1057 683 1142 amplecteris
705 1059 743 1121 ut
760 1056 863 1121 facile.
879 1061 1036 1142 appareat

16 1153 32 1194 1⁰
42 1145 69 1206 te
83 1142 195 1227 pretio,
218 1164 285 1208 non
304 1143 373 1209 iure
397 1167 467 1210 esse
491 1150 698 1212 commotum.
733 1144 843 1228 Atque
865 1145 928 1210 hoc
951 1145 979 1209 si
1001 1146 1036 1210 in

42 1231 375 1317 posterumerixissee
393 1234 500 1298 minus
513 1237 600 1300 esset
612 1233 782 1318 nefarium,
799 1233 932 1298 tametsi
950 1237 1037 1298 esset

42 1319 229 1404 inprobum
261 1321 416 1388 sedtum
441 1322 620 1406 vituperari
646 1325 771 1406 posset,
802 1322 837 1385 in
864 1321 1036 1387 discrimen

42 1407 138 1472 venire
159 1413 375 1493 non'posset3
397 1430 492 1474 nemo
516 1409 602 1474 enim
624 1409 855 1494 committeret3
877 1431 963 1475 nunc
986 1413 1036 1476 eet

43 1494 100 1560 eius
126 1495 217 1562 medi
244 1495 396 1580 edietum,
426 1501 466 1563 ut
492 1497 598 1582 quivis
623 1497 796 1584 intellegat
822 1519 889 1562 non
914 1499 1047 1583 populo'
1111 1515 1114 1520 ·

17 1595 102 1648 nesse
119 1584 287 1670 scriptum,
305 1584 361 1650 sed
374 1585 409 1649 P.
417 1584 507 1650 Anni
524 1586 672 1652 secundis
690 1585 871 1651 heredibus.
902 1587 1016 1672 ltaque
1037 1595 1085 1646 111

43 1693 103 1737 cum
134 1673 194 1737 abs
226 1676 260 1738 te
292 1678 391 1758 caput
416 1674 498 1739 illud
525 1677 594 1740 tam
621 1674 733 1738 multis
760 1674 868 1739 verbis
896 1695 1035 1739 mercen-

44 1760 186 1845 narioque
203 1761 371 1846 prooemio
390 1766 476 1827 esset
496 1765 657 1844 ornatum,
680 1761 788 1845 ecquis
812 1762 962 1826 inventus
986 1765 1036 1826 est

43 1853 144 1931 postea
171 1853 316 1933 praetor,
345 1850 400 1933 qui
423 1850 509 1916 idem
531 1851 613 1915 illud
636 1849 796 1914 ediceret?
841 1848 918 1912 Non
940 1848 1050 1914 mode·

44 1957 124 2002 nemo
143 1937 255 2020 edixit,
277 1936 391 2002 sedne
408 1939 526 2004 metuit
544 1937 673 2022 quidem
697 1936 878 2021 quisquam,
899 1955 939 2000 ne
964 1936 1035 2019 quis

18 2025 178 2090 reliceret.
212 2023 246 2090 N
247 2047 300 2091 am
313 2029 389 2110 post
402 2029 436 2090 te
449 2031 633 2111 praetorem
647 2024 744 2090 multi
756 2024 791 2088 in
809 2023 911 2088 isdem
929 2023 1035 2089 causis

45 2112 175 2197 fuerunt3
205 2112 241 2178 in
271 2113 323 2178 his
349 2135 453 2199 nuper
475 2115 610 2180 Annaea
637 2114 676 2178 de
703 2112 881 2178 multorum
907 2113 1037 2197 propin-

45 2222 169 2284 quorum
191 2202 366 2285 sententia,
393 2203 566 2287 pecuniosa
588 2202 719 2286 mulier,
744 2201 831 2286 quod
854 2221 950 2266 censa
970 2223 1036 2266 non

44 2293 115 2373 erat,
141 2293 341 2356 testamento
367 2289 445 2356 feeit
467 2290 619 2356 heredem
641 2289 752 2355 filiam.
793 2287 864 2354 Iam
886 2289 949 2356 hoc
971 2311 1037 2354 ma-

46 2397 132 2460 gnum
154 2377 309 2444 indicium
335 2379 503 2444 hominum
530 2380 573 2443 de
595 2378 691 2442 istius
714 2376 873 2462 singulari
895 2377 1039 2463 inprobi·

11 2467 111 2550 'Utile
132 2465 221 2550 quoid
244 2463 277 2531 (l.
291 2463 409 2532 Verres
433 2471 492 2531 sira
514 2469 629 2551 sponte
654 2465 861 2548 instituisset,
883 2465 917 2531 id
938 2466 1038 2531 nemi-

46 2572 106 2618 nem
124 2553 279 2619 metuisse
297 2575 337 2618 ne
356 2555 428 2639 quis
447 2555 644 2640 reperiretur
662 2553 717 2638 qui
735 2553 830 2618 istius
847 2553 1038 2619 institutum

48 2642 123 2724 sequi
140 2641 256 2725 vellet3
279 2642 368 2707 solus
388 2643 474 2707 enim
495 2647 532 2706 tu
554 2642 705 2706 inventus
717 2647 773 2726 es,
795 2642 847 2706 eui
867 2662 935 2706 non
957 2640 1037 2704 satis

47 2725 130 2796 luerit
162 2730 324 2816 corrigere
356 2734 553 2796 testamenta
581 2730 743 2813 vivorum,
772 2729 838 2795 nisi
865 2729 963 2794 etiam
991 2735 1038 2792 re

48 2817 420 2884 scinderesmortuorunu
452 2819 501 2884 Tu
514 2819 584 2904 ipse
603 2839 641 2882 ex
657 2815 818 2883 Siciliensi
836 2817 940 2880 edicto
959 2815 1021 2879 hoc
1040 2822 1091 2873 112

4 2906 210 2990 *sustulisti3
227 2907 371 2990 voluisti,
389 2929 429 2972 ex
446 2906 612 2992 inproviso
632 2905 660 2970 si
679 2927 761 2990 quae
778 2926 830 2968 res
848 2907 927 2968 nata
945 2906 1040 2985 esset,

48 3011 77 3055 er
92 2995 215 3060 urbano
234 2994 338 3060 edicto
360 2994 538 3060 decernere.
578 2992 682 3071 Quam
704 2996 820 3079 postea
841 2995 878 3055 tu
900 2989 962 3055 tibi
985 2989 1039 3056 de-

48 3076 211 3148 fensionem
234 3083 454 3167 relinquebas,
480 3083 576 3148 inea
599 3081 739 3147 maxime
762 3077 944 3162 offendisti,¹
966 3099 1040 3144 cum

49 3168 124 3322 iffi
151 3171 381 3238 auctoritatem
407 3175 478 3236 tute
504 3170 575 3256 ipse
603 3169 707 3235 edicto
731 3165 924 3252 provinciali
946 3188 1039 3251 repu-

112 3280 156 3324 as.

22 3349 40 3390 ³⁵
101 3343 208 3430 Atque
234 3369 296 3432 ego
323 3369 390 3414 non
417 3347 545 3432 dubito,
576 3346 668 3430 quin,
698 3347 737 3409 ut
763 3343 858 3427 mihi,
889 3341 941 3407 cui
968 3363 1040 3410 mea
1048 3344 1092 3408 44

50 3427 105 3496 filia
120 3435 258 3502 maxime
281 3436 370 3502 tordi
393 3440 452 3520 est,
475 3457 526 3500 res
550 3434 629 3500 haee
652 3433 769 3498 acerba
791 3431 919 3497 videtur
942 3433 1040 3514 atque

51 3513 175 3606 indigna,
194 3523 311 3590 sienni
329 3524 444 3608 cuique
462 3526 618 3606 vestrum,
636 3520 691 3605 qui
710 3519 810 3586 simili
828 3541 923 3586 sensu
942 3521 1039 3600 atque
1065 3523 1068 3528 '
1190 3585 1191 3594 χ
