2386 3938
362 172 438 228 CAP.
460 179 522 241 1‚a
542 178 557 239 ἓ
577 177 652 228 1-5.
943 171 1007 238 123

39 316 240 400 praedicatione
274 317 452 384 absolutus.
503 315 588 382 Huic
621 337 681 402 ego
714 337 843 400 causae,
877 317 1007 402 iudices,

39 427 92 470 cum
107 427 220 471 summa
242 407 411 472 voluntate
434 411 468 470 et
490 405 712 489 expectatione
737 404 851 490 populi
868 403 1008 471 Romani

39 497 106 557 actor
128 494 255 579 accessi,
279 516 346 559 non
373 499 411 560 ut
435 514 587 580 augerem
609 492 765 559 invidiam
789 492 924 576 ordinis,
951 493 1008 559 sed

40 585 65 645 ut
80 580 215 648 infamiae
238 582 401 648 communi
423 603 649 648 succurrerem.
690 580 820 646 Adduxi
843 581 929 646 enim
952 580 1007 647 ho

25 669 137 752 minem,
157 671 188 735 in
207 693 270 754 quo
288 670 496 736 reconciliare
519 670 793 736 existimationem
815 669 1007 735 iudiciorum

39 757 167 841 amissam,
184 759 288 824 redire
306 760 340 823 in
359 759 499 844 gratiam
518 779 591 824 cam
608 758 729 842 populo
746 757 905 841 Romano,
926 758 1007 823 satis

39 843 233 912 [mamerteris
243 847 430 912 nationibus
444 847 593 931 possetis,
607 845 867 932 depeculatorem
882 847 1008 931 aerarii,

40 939 188 1000 vexatorem
209 935 310 1000 Asiae
338 939 435 1020 atque
458 933 683 1020 Pamphyliae,
710 935 904 1019 praedonem
927 935 1007 1002 iuris

40 1022 131 1105 urbani,
147 1023 253 1088 labem
272 1027 370 1108 atque
388 1023 563 1107 perniciem
581 1023 765 1108 provinciae
784 1020 922 1088 Siciliae.
958 1024 1007 1088 De
1027 1037 1042 1084 a

25 1125 82 1190 aquo
97 1110 120 1174 si
135 1133 189 1176 vos
210 1133 321 1177 serere
345 1133 381 1176 ac
403 1111 556 1197 religiose
579 1110 807 1193 iudicaveritis,
831 1111 1007 1176 auctoritas

40 1217 71 1278 aa
87 1218 156 1281 quae
172 1200 206 1264 in
223 1201 319 1265 robis
340 1221 506 1266 remanere
529 1199 634 1282 debet,
656 1198 816 1282 haerebit3
840 1199 890 1263 sin
912 1199 1007 1264 istius

40 1283 152 1369 ingentes
177 1287 311 1354 divitiae
338 1288 527 1353 iudiciorum
554 1286 746 1372 religionem
773 1287 1007 1372 veritatemque

26 1365 230 1460 'perfregerint
264 1397 325 1463 ego
356 1376 418 1441 hoe
450 1381 562 1440 tamen
593 1396 759 1460 assequar,
791 1379 827 1440 ut
855 1376 1008 1442 iudicium

41 1461 118 1541 potius
133 1465 177 1529 rei
193 1463 346 1550 publicae
365 1486 462 1548 quam
481 1468 538 1529 aut
556 1485 629 1528 reus
652 1464 812 1532 iudicibus
836 1468 893 1530 aut
918 1485 1007 1530 aceu-

25 1551 104 1614 tator
121 1573 171 1618 reo
195 1552 336 1618 defuisse
358 1551 513 1618 videatur.

85 1639 236 1726 Equidem,
260 1645 298 1708 ut
316 1643 355 1707 de
373 1665 424 1707 me
447 1642 613 1725 confitear,
635 1642 766 1726 iudices,
789 1665 862 1708 eum
885 1644 1008 1708 multae
1028 1643 1048 1704 2

43 1726 96 1791 uli
118 1752 135 1793 a
158 1729 191 1795 (l.
213 1729 319 1796 Verre
348 1730 484 1795 insidiae
513 1735 601 1796 terra
627 1731 774 1814 marique
799 1731 906 1796 factae
933 1731 1009 1813 sint,

44 1835 97 1895 quas
122 1819 237 1902 partim
271 1841 342 1884 mea
369 1818 538 1904 diligentia
565 1818 750 1900 devitarim,
781 1818 903 1902 partim
931 1818 1009 1881 ami-

44 1922 121 1969 corum
140 1908 245 1973 studio
270 1907 438 1991 officioque
462 1906 672 1991 reppulerim,
699 1926 876 1989 numquam
899 1909 1010 1970 tamen

26 2001 114 2074 lneque
132 1998 260 2062 tantum
282 1996 460 2080 periculum
484 1993 563 2060 mihi
588 1994 676 2060 adire
698 1993 788 2058 visus
811 2015 883 2058 sum
904 2015 1008 2078 neque

45 2079 107 2144 lanto
123 2104 213 2167 opere
232 2085 394 2170 pertimui,
415 2088 453 2149 ut
470 2105 555 2149 nunc
576 2083 610 2147 in
633 2083 705 2167 ipso
727 2081 855 2148 iudicio.
896 2080 1009 2166 Neque
1028 2087 1045 2135 4

45 2167 135 2234 tuum
151 2195 201 2237 me
223 2173 404 2256 expectatio
423 2171 636 2238 accusationis
659 2191 750 2236 meae
773 2191 1009 2254 concursusque

45 2253 122 2321 lentae
138 2261 363 2344 multitudinis,
386 2261 502 2344 quibus
524 2280 586 2346 ego
609 2259 705 2324 rebus
728 2259 1009 2324 vehementissime

45 2346 186 2432 peunbor,
204 2353 395 2432 commouet,
415 2352 573 2432 quantum
590 2347 685 2412 istius
703 2347 839 2412 insidiae
857 2347 1009 2430 nefariae,

27 2439 100 2508 ¹lquas
113 2457 169 2501 mo
190 2441 339 2520 tempore
361 2437 452 2519 mihi,¹
473 2436 576 2519 vobis,
598 2435 651 2500 Μ’.
665 2433 835 2500 Glabrioni
856 2435 1009 2519 praetori,

47 2519 121 2606 uciis,
154 2525 272 2590 exteris
310 2525 512 2608 nationibus,
558 2523 676 2607 ordini,
713 2523 837 2588 nomini
874 2523 1010 2607 denique

47 2612 293 2679 assuefacere
311 2616 459 2696 conatur3
483 2611 538 2696 qui
560 2611 608 2677 ita
630 2611 769 2695 dictitat,
790 2612 831 2676 iis
854 2633 924 2676 erse
947 2632 1011 2674 me·
1052 2647 1054 2654 ·

48 2693 170 2784 tendum,
188 2702 253 2787 qui,
271 2701 357 2785 quod
369 2701 449 2786 ipsis
464 2700 543 2766 solis
558 2700 639 2764 satis
656 2704 751 2784 esset,
770 2698 1010 2784 surripuissent,

49 2788 197 2877 talantum
224 2790 394 2874 eripuisse,
426 2793 463 2854 ut
490 2788 524 2852 id
551 2788 662 2853 multis
690 2788 771 2853 satis
800 2809 870 2852 esse
892 2785 1010 2871 possit3

28 2867 103 2934 “mhil
121 2896 183 2941 esse
205 2881 275 2943 tam
298 2881 459 2961 sanctum,
488 2876 574 2960 quod
595 2898 661 2942 uon
683 2877 814 2957 violari,
835 2873 919 2938 nihil
942 2877 1010 2938 tam

50 2959 178 3047 numum,
196 2965 282 3049 quod
297 2987 364 3030 non
382 2965 560 3050 expugnari
578 2963 714 3047 pecunia
730 2963 842 3047 possit.
879 2959 1011 3044 Quodsi,
1030 2974 1045 3023 5

50 3059 115 3120 luam
129 3053 228 3118 audax
249 3057 299 3118 est
321 3052 361 3118 ad
385 3052 574 3136 conandum,
596 3056 665 3118 tam
689 3055 775 3116 esset
798 3050 953 3115 obscurus
977 3049 1012 3114 in

52 3135 146 3222 agendo,
164 3140 302 3206 fortasse
321 3142 431 3226 aliqua
448 3141 483 3205 in
501 3162 536 3205 re
553 3162 613 3206 nos
633 3138 805 3222 aliquando
824 3136 1010 3221 fefellisset3

52 3234 128 3287 verum
153 3227 212 3294 hoc
239 3229 343 3296 adhuc
369 3230 593 3313 percommode
620 3226 719 3309 cadit,
752 3225 838 3309 quod
865 3247 938 3291 cum
965 3227 1012 3290 in·

35 3307 158 3409 lludibili
170 3317 237 3382 eius
256 3317 390 3383 audacia
409 3317 584 3404 singularis
603 3314 745 3380 stultitia
763 3313 934 3380 coniuncta
952 3318 1012 3379 est.

55 3383 109 3460 lau
119 3405 151 3465 ut
163 3409 290 3488 apertus
304 3406 339 3470 in
357 3404 567 3489 corripiendis
584 3402 727 3489 pecuniis
745 3402 818 3485 fuit,
837 3403 882 3467 sic
900 3402 1012 3485 inape

56 3492 233 3574 erumpendi
250 3493 360 3560 iudicii
381 3493 551 3578 perspicua
574 3513 633 3558 sua
656 3490 791 3555 consilia
814 3493 1011 3569 conatusque
