2402 3936
266 162 334 218 LIB.
352 163 393 218 III
420 161 496 218 cuP.
513 163 555 230 tl,
575 169 608 218 63
627 169 642 230 ξ
662 169 810 220 reu-148·
977 165 1042 230 329

46 306 264 392 responderi
294 306 394 372 nihil
425 307 565 390 possit,
596 305 778 372 vicimus?
823 306 911 373 Bene
944 309 1024 395 agis,
1045 322 1095 373 146
1186 357 1189 364 .

48 395 139 478 Alba3
153 395 193 460 ad
207 399 297 460 tuam
311 395 440 460 veniam
453 394 681 460 condicionem.
717 393 810 459 Nihil
823 400 921 481 putes
935 398 1043 463 valere

48 482 219 548 iniudiciis
243 482 473 567 coniecturam,
498 482 581 547 nihil
604 483 834 568 suspicionem,
860 484 944 548 nihil
967 489 1043 552 ante

50 575 129 637 actae
160 571 248 636 vitae
281 570 566 656 existimationem,
596 570 679 635 nihil
711 570 856 637 virorum
882 573 1043 638 bonorum

29 659 238 743 atestimonia,
271 658 354 724 nihil
386 658 556 724 civitatum
588 659 799 725 auctoritates
832 683 869 726 ae
901 661 1043 744 litteras3

48 767 89 813 ree
104 745 292 812 manifestas
311 746 447 830 quaeris.
483 745 561 811 Non
578 768 698 831 quaero
718 747 840 814 iudices
859 745 1042 833 Cassianos,

49 839 179 900 veterem
201 823 393 901 iudiciorum
415 835 623 900 severitatem
645 857 711 900 uon
732 837 877 922 requiro,
899 841 1044 903 vestram

49 923 156 988 iuhac
178 944 214 987 re
236 923 347 1005 fidem,
372 921 578 1008 dignitatem,
601 923 793 1009 religionem
814 926 849 990 iu
872 925 1042 992 iudicando

50 1031 105 1076 nou
124 1011 280 1096 imploro,
300 1009 423 1076 Albam
445 1011 573 1078 habebo
595 1011 751 1096 iudicem,
772 1035 846 1077 eum
868 1013 1043 1097 hominem,

18 1113 41 1155 1⁰
51 1100 98 1182 qui
121 1120 155 1164 se
181 1099 253 1184 ipse
280 1119 424 1164 acumem
450 1099 728 1185 improbissimum
757 1101 937 1166 existimari
964 1102 1043 1184 vult,

51 1187 121 1271 [qui]
149 1187 316 1254 recurris
343 1208 470 1272 semper
492 1186 603 1272 potius
626 1187 790 1273 gladiator
812 1211 911 1272 quam
933 1210 1044 1254 scurra

51 1275 309 1428 triturat?
329 1275 559 1428 strumus
575 1275 811 1430 tuddul
826 1277 1044 1430 dudd

51 1455 205 1517 aratorum
228 1455 339 1536 aperte
362 1453 536 1536 palamque
559 1473 630 1516 esse
652 1453 853 1539 praedatum.
1054 1503 1110 1568 63,

20 1553 41 1594 ¹⁵
104 1539 263 1605 Decumas
285 1539 357 1625 agri
374 1538 527 1605 Leontini
545 1561 665 1626 magno
684 1540 763 1606 dicis
782 1545 816 1606 te
834 1541 1025 1607 vendidisse.
1047 1579 1097 1630 14⁷

51 1627 172 1693 Ostendi
203 1627 270 1692 iam
300 1627 383 1692 illud
414 1626 523 1711 initio,
554 1649 621 1692 non
647 1628 897 1694 existimandum
924 1651 1043 1715 magno

51 1715 218 1780 vendidisse
246 1737 332 1799 eum
359 1715 416 1800 qui
436 1715 536 1781 verbo
560 1716 711 1782 decumas
733 1717 926 1800 vendiderit,
953 1739 989 1782 rc
1012 1720 1046 1780 et

51 1804 224 1870 condicione
249 1807 283 1868 et
305 1804 377 1889 lege
400 1807 434 1870 et
456 1804 560 1869 edicto
584 1807 617 1868 et
640 1803 772 1869 lieentia
794 1804 1045 1869 decumanorum

3 1966 4 1969 Ἴ
51 1891 188 1958 (laumas
225 1891 410 1958 aratoribus
444 1893 553 1956 nullas
589 1890 732 1974 reliques
763 1890 885 1956 fecerit.
933 1890 1045 1956 Etiam

21 1979 120 2044 oillud
151 1979 294 2063 ostendi,
324 1979 506 2046 vendidisse
536 1979 618 2045 alios
646 1999 766 2064 magno
795 1978 945 2044 decumas
973 1979 1045 2064 agri

50 2065 189 2134 leontini
202 2071 446 2152 oeterorumque
460 2088 623 2154 agrorum,
642 2071 675 2132 et
693 2067 766 2152 lege
779 2065 953 2133 Hieronica
971 2088 1045 2132 ren-

51 2154 156 2222 didi'sse
185 2159 219 2221 et
244 2155 348 2241 pluris
372 2157 471 2222 etiam
495 2177 592 2239 quam
614 2159 649 2219 te
671 2154 866 2239 vendidisse,
893 2176 953 2220 nec
976 2177 1045 2220 ara-

50 2247 141 2310 torem
165 2265 361 2328 quemquam
384 2265 455 2308 esse
478 2247 642 2327 questum,
668 2265 728 2309 nec
750 2243 837 2309 enim
859 2243 936 2327 fuit,
959 2244 1046 2329 quod

50 2333 211 2418 quisquam
239 2331 330 2416 queri
356 2335 482 2416 posset,
509 2353 581 2397 oum
608 2331 682 2416 lege
708 2331 900 2415 aequissime
925 2333 1046 2416 scripta

21 2421 223 2504 evanuerant,
236 2440 339 2503 neque
351 2419 432 2484 illud
442 2441 598 2503 umquam
609 2411 748 2484 aratoris
760 2418 918 2502 interfuit,
932 2420 1046 2502 quanti

50 2506 190 2574 decumae
216 2508 372 2572 venirent.
417 2506 493 2572 Non
520 2507 606 2571 euim
632 2507 680 2571 ita
706 2510 769 2590 est,
796 2510 846 2590 ut,
873 2507 1045 2592 almagno

3 2671 4 2674 Ἴ
48 2597 211 2680 venierint,
243 2594 318 2680 plus
350 2599 462 2660 arator
492 2594 622 2679 debeat,
654 2595 682 2658 si
709 2616 825 2679 parvo,
857 2594 977 2676 miuus3
1008 2598 1046 2657 ut

49 2681 202 2750 frumenta
232 2685 311 2748 nata
342 2687 431 2767 sunt,
461 2682 511 2748 ita
542 2682 693 2748 decumae
719 2685 874 2765 veneunt,
906 2680 1045 2746 aratoris

49 2777 146 2838 autem
175 2771 312 2836 interest
338 2771 387 2836 ita
414 2792 448 2835 se
474 2771 639 2835 frumenta
665 2770 798 2855 habere,
829 2774 866 2834 ut
894 2770 1046 2834 decumae
1116 2804 1120 2812 ·

21 2869 134 2941 ³⁰quarn
167 2859 309 2944 plurimo
340 2859 450 2924 venire
482 2859 623 2942 possint,
656 2858 732 2922 dum
762 2861 872 2923 arator
900 2877 941 2920 ne
970 2855 1045 2939 plus
1099 2893 1103 2900 ν

48 2946 208 3016 decumam
220 2947 283 3030 det,
297 2946 427 3031 expedit
440 2945 470 3010 ei
484 2945 651 3013 decumam
666 2967 736 3011 esse
750 2967 847 3028 quam
862 2943 1045 3009 maximam.

47 3031 171 3120 lerum,
189 3039 227 3100 ut
241 3034 365 3120 opinor,
382 3035 445 3100 hoc
459 3055 528 3098 esse
541 3033 592 3098 vis
611 3038 709 3119 caput
728 3031 923 3098 defensionis
941 3034 1026 3115 tuae,
1047 3041 1098 3092 148

47 3143 158 3209 magno
177 3125 211 3187 te
230 3122 380 3189 decumas
403 3121 585 3187 vendidisse
610 3123 730 3204 [atque
753 3121 892 3184 aliorum
915 3119 1046 3203 quidem

48 3231 194 3296 agrorum
208 3233 268 3296 pro
281 3210 432 3296 portione
446 3231 566 3296 magno
581 3209 731 3274 decumas
750 3207 955 3290 vendidissc],
974 3207 1046 3292 agri

21 3299 144 3380 ¹5[vero]
158 3298 320 3382 Leontini,
334 3298 391 3382 qui
403 3298 579 3382 plurimum
594 3296 703 3379 efficit,
716 3295 819 3360 tritici
837 3296 921 3361 mod.
929 3298 1046 3362 cciii.

47 3381 76 3448 Si
101 3387 199 3453 doceo
227 3387 331 3471 pluria
359 3385 527 3470 aliquanto
550 3385 696 3470 potuisse
719 3383 856 3449 vendere
877 3405 982 3468 neque
1005 3385 1046 3448 iis

46 3475 181 3540 voluisse
202 3479 237 3538 te
261 3472 421 3557 addicere,
449 3473 504 3558 qui
527 3476 641 3540 contra
659 3472 841 3558 Apronium
863 3472 1046 3552 licereutur,
