2392 3944
279 147 379 202 mul
425 147 828 215 CAP.4⁷-4e§123-128.
933 213 935 216 ,
994 151 1057 216 187

53 293 152 377 pretio
172 281 397 377 superabatur.
429 289 529 356 Venit
547 290 687 357 Romam
703 291 818 379 Ligus,
837 314 903 359 nou
916 295 1041 361 dubita·
1061 317 1111 367 126

53 381 115 465 bat,
136 381 228 466 quin,
252 381 282 444 si
304 381 374 465 ipse
397 377 533 444 Verrem
557 381 772 465 convenisset,
801 382 964 466 aequitate
987 405 1058 449 cau-

55 491 116 552 sae,
158 469 354 534 auctoritate
392 489 451 533 sua
491 489 694 534 commovere
733 469 899 534 hominem
938 477 1058 555 posset.

54 556 188 622 Domum
207 557 249 621 ad
267 577 341 621 cum
363 556 461 639 venit,
484 577 553 620 rem
577 556 789 641 demonstrat,
812 578 909 641 quam
932 559 1059 643 pridem

34 645 109 709 rsibi
132 645 297 710 hereditas
319 644 475 726 venisset,
502 644 609 728 docet3
640 645 726 730 quod
748 645 842 711 facile
865 646 990 712 homini
1012 647 1058 712 in-

55 733 181 818 genioso
204 734 240 798 in
262 753 360 798 causa
384 732 580 816 aequissima
604 732 680 817 fuit,
704 734 821 818 multa,
845 756 927 818 quae
951 757 1058 820 quem-

55 822 94 886 vis
125 842 330 887 commovere
355 824 503 906 possent,
535 820 631 905 dixit,
664 821 705 886 ad
736 827 915 888 extremum
947 827 1058 908 petere

55 909 165 994 coepit,
195 931 238 974 ne
274 930 376 994 usque
413 929 450 973 eo
485 930 578 974 suam
610 909 840 976 auctoritatem
871 911 1058 997 despiceret,

55 998 279 1082 gretiam[que]
295 1000 523 1081 contemneret,
541 1000 579 1061 ut
598 1019 632 1062 se
650 1001 744 1063 tanta
761 999 880 1064 iniuria
898 1000 1058 1066 adficeret.

29 1085 153 1151 1⁰Hom0
177 1086 332 1172 Ligurem
360 1107 510 1152 accusare
537 1085 657 1171 coepit,
685 1086 741 1171 qui
762 1087 798 1150 in
819 1109 855 1150 re
878 1086 1058 1153 adventicia

57 1178 145 1258 atque
173 1173 371 1240 hereditaria
398 1177 467 1239 tam
495 1173 647 1260 diligens,
679 1178 749 1239 tam
781 1178 926 1240 attentus
959 1180 1058 1259 esset3

57 1261 162 1328 debere
196 1285 270 1328 eum
302 1262 411 1327 siebat
443 1283 536 1327 suam
570 1284 698 1347 quoque
733 1263 895 1328 rationem
930 1264 1058 1348 ducere,

57 1352 151 1416 multa
175 1351 239 1416 sibi
262 1371 343 1435 opus
367 1371 450 1432 esse,
481 1351 585 1415 mults
608 1351 740 1416 canibus
765 1351 845 1436 suis,
869 1373 950 1436 quoe
973 1353 1058 1417 circa

59 1439 250 1506 rehaberet.
294 1437 371 1504 Non
392 1459 525 1524 possum
554 1439 614 1504 illa
639 1440 768 1524 planius
796 1461 1058 1525 commemorare,

31 1541 145 1610 dquam
171 1528 281 1614 ipsum
303 1525 457 1611 Ligurem
484 1547 544 1612 pro
572 1527 760 1593 testimonio
783 1527 888 1593 dicere
912 1529 1058 1594 audistis.

59 1613 132 1690 Quid
184 1619 259 1701 est,
286 1613 428 1680 Verres?
459 1619 637 1680 utrumne
663 1616 715 1681 his
744 1616 873 1700 quidem
900 1617 1040 1682 testibus
1060 1639 1109 1688 222

61 1703 207 1789 credetur,
236 1725 278 1768 an
304 1703 384 1768 haec
407 1704 448 1768 ad
471 1724 540 1768 rem
561 1725 628 1768 uon
649 1704 836 1788 pertinent?
863 1725 930 1768 non
952 1704 1057 1769 crede-

59 1813 120 1856 mus
146 1792 189 1858 M.
216 1791 367 1875 Octavio,
397 1812 464 1857 non
490 1791 525 1856 L.
553 1791 690 1877 Liguri?
717 1791 790 1875 quis
817 1791 912 1855 nobis
940 1791 1058 1874 credet,

61 1882 102 1944 eui
125 1880 207 1946 nos?
235 1879 312 1964 quid
336 1882 398 1962 est,
422 1878 583 1964 [Verres],
610 1877 697 1964 quod
718 1879 853 1964 planum
875 1878 947 1942 fieri
968 1879 1058 1943 testi·

34 1967 110 2032 obus
131 1968 251 2054 possit,
275 1968 303 2032 si
323 1968 386 2034 hoc
407 1989 474 2033 non
495 1968 556 2033 fit?
586 1966 639 2032 An
661 1967 708 2051 id,
731 1967 817 2051 quod
841 1965 963 2051 dicunt,
986 1967 1058 2031 leve

61 2057 120 2121 est?
154 2055 248 2121 Nihil
267 2056 380 2140 levius,
398 2077 496 2141 quam
513 2060 698 2141 praetorem
716 2055 878 2120 urbanum
898 2055 960 2121 hoc
977 2055 1057 2120 iuris

59 2144 162 2210 iusuo
185 2145 383 2230 magistratu
405 2143 614 2228 constituere,
637 2143 801 2227 omnibus,
829 2143 945 2228 quibus
969 2143 1057 2209 here·

61 2230 132 2298 ditas
155 2233 290 2317 venerit,
313 2231 502 2297 coheredem
520 2235 705 2317 praetorem
724 2253 793 2297 esse
813 2237 971 2317 oportere.
1004 2231 1058 2297 An

61 2341 125 2385 vero
147 2321 344 2404 dubitamus,
366 2342 430 2405 quo
454 2342 509 2384 ore
531 2320 594 2384 iste
617 2323 742 2385 ceteros
759 2321 907 2385 homines
925 2321 1057 2386 inferio-

36 2417 103 2472 ¹tres
123 2409 204 2493 loco,
228 2409 431 2492 auctoritate,
454 2407 574 2492 ordine,
597 2429 662 2493 quo
685 2429 740 2473 ore
757 2409 905 2474 homines
924 2409 1058 2476 rustica·

62 2516 109 2560 uos
130 2520 168 2562 ex
191 2497 389 2582 municipiis,
417 2517 480 2579 quo
509 2496 645 2579 denique
673 2517 741 2579 ore,
769 2517 850 2580 quos
879 2519 1056 2582 numquam

62 2582 166 2650 liberos
181 2585 319 2670 putarit,
337 2585 507 2649 libertinos
522 2585 669 2649 homines
686 2585 801 2650 solitus
821 2586 864 2650 sit
883 2585 1057 2670 appellare,

64 2674 107 2753 qui
128 2674 167 2739 ob
190 2674 242 2737 ius
266 2672 435 2738 dicendum
457 2670 500 2737 M.
520 2672 689 2737 Octavium
707 2672 870 2759 Ligurem,
893 2672 1057 2736 hominem

64 2762 292 2826 ornatissimum
320 2762 405 2843 loco,
432 2759 558 2844 ordine,
584 2761 728 2846 nomine,
754 2761 889 2842 virtute,
916 2758 1057 2843 ingenio,

39 2850 158 2944 tropis,
180 2869 313 2933 poscere
336 2849 505 2934 pecuniam
527 2869 593 2913 non
617 2849 796 2914 dubitarit?

116 2935 152 3002 In
171 2938 268 3003 sartis
288 2937 384 3002 tectis
402 2957 478 3001 vero
498 2936 653 3020 quemad
672 2937 803 3002 modum
823 2955 857 3000 re
878 2933 1025 3019 gesserit,

16 3057 17 3064 1
65 3024 127 3104 quid
143 3047 204 3112 ego
224 3024 352 3092 dicem?
389 3024 558 3108 Dixerunt,
581 3025 636 3108 qui
655 3026 837 3105 senserunt3
863 3024 940 3086 eunt
960 3021 1025 3112 alii,

15 3117 17 3180 Ξ
65 3113 108 3191 qui
128 3113 249 3197 dicaut3
277 3117 376 3180 notae
398 3134 450 3178 res
475 3116 573 3197 atque
596 3111 788 3178 manifestae
810 3111 958 3196 prolatae
982 3113 1058 3174 sunt

15 3205 16 3208 ’
66 3202 90 3260 et
112 3202 321 3285 proferentur.
366 3201 458 3266 Dixit
482 3199 539 3266 Cn.
561 3199 717 3283 Fannius,
745 3219 841 3283 eques
865 3197 1110 3280 Romanus,128

41 3283 150 3354 erratu
168 3307 341 3378 germanus
361 3289 397 3366 Q.
412 3287 523 3372 Titini,
541 3288 655 3353 iudicis
674 3287 734 3370 tui,
755 3286 818 3351 tibi
837 3307 871 3350 se
888 3285 1057 3370 pecuniam

15 3389 16 3454 r
68 3371 180 3444 dedisse.
212 3379 358 3444 Ruelrs.
394 3373 838 3444 Tusrrnosrqus.Fsuu1.
874 3372 986 3439 Nolite
1001 3373 1057 3440 On.
1180 3447 1181 3458 ἶ

15 3471 17 3478 ’
68 3455 170 3532 Fannio
186 3467 332 3548 [dicenti]
349 3466 485 3548 credere,
500 3465 577 3547 noli,
595 3465 738 3548 inquam,
756 3467 803 3547 tu,
821 3462 856 3538 Q.
871 3461 982 3543 Titini,
1001 3459 1057 3524 Cn.
1179 3459 1181 3504 ¹
