2402 3936
114 954 146 1001 75

114 2232 147 2280 76

163 145 230 210 300
467 140 506 196 IN
527 139 555 196 Ο.
570 139 725 196 VERREM
743 138 823 198 ACT.
841 139 876 194 11.

163 291 225 352 tur.
272 282 338 352 Uni
367 283 549 352 mehercule
580 283 659 350 huic
681 283 823 366 civitati,
849 281 984 365 Verres,
1014 281 1187 348 obsistere

164 379 222 442 tue
240 374 384 440 defensio
402 395 467 440 nnn
485 375 610 457 potest3
631 375 728 438 tonte
745 371 925 440 eusteritss
941 375 993 438 est
1010 371 1044 438 in
1063 393 1164 438 eorum

159 443 333 530 tomum
350 461 523 545 noerius,
545 463 659 531 ussus
680 460 775 528 seror
795 461 831 526 n
852 459 987 543 niens,
1007 463 1102 524 censa
1122 481 1164 524 re

165 552 246 638 ligio
264 551 299 618 in
316 550 513 618 testimoniet
528 593 531 601 ,
549 547 673 614 Verum
694 569 761 616 non
783 570 852 614 rme
870 551 905 614 te
929 550 1099 630 [intumi
1118 548 1165 612 sed

164 640 333 706 universes
364 637 525 704 similibus
557 636 705 704 adflictae
736 635 866 702 iniuriis
895 639 932 702 st
961 635 1188 704 inmundus

165 727 316 794 civitates
346 725 567 811 legccionibus
600 745 638 794 ue
668 724 867 792 testimoniis
899 721 1040 809 publicis
1070 745 1165 809 perse

166 819 317 899 qunntur.

113 875 156 939 32
231 901 364 972 Etenim
382 901 532 986 deinceps
552 899 729 985 videamus,
751 899 959 968 Herbitensis
981 900 1098 966 ciritss
1119 900 1165 964 hc

164 995 259 1056 nesto
285 994 320 1055 et
346 993 444 1055 entes
470 989 603 1074 copiose
629 1010 725 1073 quem
750 988 948 1057 admodum
970 987 1165 1073 spoliamus

165 1079 231 1146 isto
250 1100 288 1145 eo
310 1081 428 1147 rerete
449 1077 503 1144 sit.
538 1075 586 1142 At
609 1097 747 1160 quorum
768 1076 951 1145 bominum!
975 1097 1165 1144 summorum

166 1171 348 1249 erutorum,
383 1164 676 1235 remotissimorum
707 1186 730 1230 s
758 1164 844 1248 foro,
877 1163 1019 1248 iudiciis,
1050 1169 1166 1231 coemo

165 1255 292 1338 versiis,
309 1253 428 1338 quibus
444 1273 577 1346 poscere
595 1256 630 1318 et
647 1253 824 1336 consulere,
840 1253 941 1321 bomo
959 1253 1165 1337 impurissime,

165 1349 200 1408 et
222 1342 309 1427 quod
329 1362 432 1426 genus
455 1341 624 1409 hominum
647 1340 884 1409 studiosissime
908 1361 1100 1408 conseruere
1123 1340 1165 1404 de

165 1430 276 1496 buisti.
319 1429 430 1496 Primo
454 1451 539 1504 enno
562 1428 733 1494 venierunt
754 1429 823 1494 eius
845 1429 920 1514 egri
941 1428 1092 1498 desum
1114 1428 1165 1492 tri·

165 1518 223 1582 tici
249 1517 393 1588 modium
420 1520 516 1582 nuni.
561 1515 706 1599 Atidius,
735 1517 819 1586 item,
840 1516 939 1582 istius
966 1517 1112 1587 minister
1136 1516 1165 1578 ir

165 1605 321 1687 decumis,
352 1627 426 1670 cum
458 1605 592 1670 emisset
622 1608 655 1669 et
681 1603 838 1688 praefecti
864 1605 997 1673 nomine
1023 1625 1095 1672 enm
1119 1625 1190 1668 ver

164 1692 269 1760 nisset
299 1691 474 1760 Herbitam
506 1713 579 1760 cum
606 1691 755 1758 Veneriis
790 1693 945 1776 locusque
977 1693 1009 1757 ei
1038 1692 1164 1778 publice,

167 1804 230 1867 quo
258 1782 493 1863 deverteretur,
523 1781 619 1849 (istus
646 1785 744 1864 esset,
774 1785 936 1866 coguntur
963 1779 1164 1846 Herbitenses

166 1870 249 1936 lucri
285 1870 361 1937 dere
389 1869 420 1934 ei
445 1868 547 1934 tritici
574 1868 718 1937 modium
745 1870 995 1952 iiffinocc,
1025 1891 1096 1936 cum
1120 1867 1164 1930 dc

167 1980 279 2025 eumue
314 1956 480 2024 venissent
514 1956 616 2022 tritici
649 1955 793 2024 modium
810 1959 922 2022 {Vrii
973 1957 1082 2040 Atque
1109 1955 1164 2018 hoc

166 2049 296 2110 tuntum
327 2045 410 2110 lucri
441 2043 603 2127 coguntur
635 2043 712 2110 dare
738 2043 867 2128 publice
893 2046 979 2127 tum,
1011 2065 1084 2114 cum
1105 1963 1191 2143 imi

165 2132 320 2218 privatim
352 2134 499 2196 uretores
531 2152 570 2198 es
602 2131 691 2215 agris
724 2130 857 2216 spoliati
889 2135 988 2216 etque
1018 2130 1163 2218 exagitati
1190 2153 1191 2162 ¹

166 2218 416 2284 decumanorum
429 2215 556 2282 iniuriis
569 2217 802 2304 profugissent.
832 2217 930 2286 Anno
943 2220 1083 2288 secundo
1099 2239 1162 2284 cum

166 2306 298 2372 emisset
324 2304 490 2390 Apronius
521 2304 672 2384 desumus
703 2307 805 2374 tritici
836 2307 980 2375 modium
1009 2311 1161 2376 ffvsoeo

166 2397 199 2462 et
214 2393 285 2478 ipse
299 2392 471 2462 Herbitam
490 2415 564 2462 cum
580 2394 642 2460 ille
658 2417 718 2460 sue
735 2394 934 2480 praedonum
952 2397 1048 2480 sepis
1064 2407 1191 2462 munus

166 2503 228 2568 que
250 2482 409 2566 venisset,
432 2482 574 2567 populus
596 2482 726 2566 publice
749 2487 879 2552 coactus
902 2487 954 2548 est
976 2484 1007 2552 ei
1029 2482 1161 2552 conferre

166 2570 249 2638 lucri
266 2570 370 2636 tritici
388 2569 530 2636 modium
549 2571 614 2636 x'ffi
632 2573 667 2638 et
688 2571 881 2639 accessionis
904 2569 960 2636 HS
984 2591 1026 2636 ce
1040 2592 1089 2638 oe
1120 2569 1161 2634 De

166 2658 350 2726 accessione
381 2658 508 2742 dubito,
540 2680 583 2724 eu
604 2657 752 2742 Apronio
782 2657 849 2742 ipsi
875 2658 953 2724 dete
980 2659 1025 2728 sit
1052 2677 1160 2728 merces

166 2769 284 2833 operes
313 2750 411 2831 atque
437 2745 660 2830 inpudentiam
686 2745 725 2810 de
752 2745 855 2811 tritici
883 2747 1013 2830 quidem
1039 2765 1160 2814 numere

165 2839 260 2904 tanto
279 2835 352 2921 quis
374 2837 485 2920 potest
507 2833 666 2918 dubitare,
688 2832 768 2917 quin
790 2834 955 2900 edietum
978 2836 1191 2920 proedonem*

165 2922 413 2990 frumentarium
432 2922 515 2987 sicut
528 2922 734 3008 Agyrinense
751 2921 950 2989 frumentum
968 2921 1161 3008 pervenerit?

113 3005 155 3069 33
167 3011 261 3076 Anno
289 3011 387 3078 tertio
414 3031 492 3078 vero
520 3010 555 3078 in
581 3010 643 3076 hoo
667 3031 748 3096 egro
772 3011 1002 3078 consuetudins
1024 3033 1101 3078 usus
1121 3011 1162 3076 est

165 3098 265 3181 regis.
306 3095 418 3164 Soleus
443 3099 536 3166 siunt
563 3119 658 3183 reges
680 3098 839 3174 berbcros
861 3097 1036 3170 Persarum
1059 3122 1095 3166 sc
1115 3096 1162 3180 Sy·

164 3205 276 3252 rorum
293 3186 404 3270 plures
424 3207 540 3255 uxores
563 3185 694 3270 hebere,
715 3186 768 3252 his
790 3190 899 3254 sutem
922 3187 1078 3257 uxoribus
1099 3185 1160 3254 oiri-

163 3275 250 3336 tstss
282 3273 462 3340 attribuere
492 3273 554 3340 hoc
582 3272 693 3342 modo:
724 3272 815 3342 Hsec
841 3275 957 3342 civitas
983 3276 1112 3344 mulieri
1134 3274 1190 3336 iu³⁶

164 3355 389 3427 redimiculum
408 3360 576 3445 praebeat,
595 3361 676 3428 hoec
698 3361 733 3426 in
756 3362 884 3446 collum,
907 3363 988 3430 hsec
1009 3365 1046 3432 in
1068 3362 1160 3430 crinis.

164 3439 218 3506 Ite
234 3442 376 3523 populos
393 3445 516 3514 hubent
533 3448 703 3517 universos
720 3469 788 3516 non
806 3450 912 3518 solum
931 3452 1080 3520 conscios
1100 3448 1160 3516 libi-
