2402 3936
291 111 358 168 affl.
377 113 404 166 11
431 111 509 166 cnr.
527 117 633 168 sa-es
650 118 666 178 s
685 118 834 169 ras-134.
999 113 1063 178 247

64 257 179 340 fcnmt,
200 255 235 322 in
252 278 350 324 censu
367 256 516 322 habendo
534 260 681 340 potestas
701 257 806 324 omnis
827 257 1064 324 aestimationis

64 345 228 412 habendae
260 365 468 429 summaeque
498 344 668 410 faciundae
701 345 827 411 censori
853 345 1065 428 permittitur.

65 435 177 517 Itaque
195 437 229 498 et
246 433 396 517 populus,
413 433 465 499 cui
483 433 659 499 maximam
681 433 779 498 fidem
801 454 934 498 suarum
956 455 1065 500 rerum

64 522 190 604 habeat,
207 521 350 588 maxime
367 543 445 588 cura
461 521 587 607 deligit,
605 525 639 588 et
655 525 790 606 propter
807 521 1064 607 magnitudinem

42 627 54 668 ι
64 609 235 695 potestatis
253 609 306 676 hic
324 609 537 696 magistratus
556 631 576 674 a
593 611 715 695 populo
738 631 865 675 summa
888 609 1065 674 ambitione

9 697 11 700 ’
64 698 274 764 contenditur.
309 697 349 765 Iu
366 719 405 764 ea
421 720 457 764 re
474 698 542 764 iste
554 697 637 762 nihil
656 698 792 764 obseura
809 697 915 764 facere
933 697 1117 780 voluit,1aa

64 809 125 852 non
141 786 178 852 iu
196 786 367 852 sortitione
384 786 498 852 fallere
520 808 623 870 nequa
647 786 714 852 dies
737 787 776 850 de
798 785 894 851 fastis
918 785 1065 851 eximere.

63 874 152 941 Nihil
184 896 263 940 saue
294 874 384 940 vafre
414 897 474 942 neo
505 875 668 940 malitiose
699 873 805 940 facere
835 878 970 940 conatus
1001 877 1064 957 est3

63 963 117 1028 sed
130 966 167 1028 ut
181 962 290 1030 studia
303 962 560 1049 cupiditatesque
574 963 734 1029 honorum
753 966 851 1047 atque
870 962 1064 1028 ambitiones

35 1051 301 1118 cantaminibus
319 1051 568 1136 civitatibusque
587 1052 789 1132 tollerentur,
808 1072 890 1135 quae
909 1072 961 1115 res
980 1072 1064 1116 ever·

64 1139 175 1206 tendas
190 1139 386 1224 reipublicae
403 1141 545 1206 solerent
563 1161 643 1224 esse,
662 1139 805 1205 ostendit
823 1159 894 1204 sese
911 1139 946 1202 in
965 1137 1065 1202 omni-

64 1229 121 1294 hus
135 1227 324 1296 civitatibus
339 1249 487 1295 censores
500 1249 571 1294 esse
584 1228 755 1294 facturum.
783 1226 888 1292 Tanto
903 1229 1048 1292 mercatu
1066 1231 1117 1281 13³

64 1316 220 1400 praetoris
247 1315 368 1383 indicto
395 1316 597 1384 concurritur
621 1315 761 1401 undique
785 1315 948 1382 edietum
972 1312 1065 1399 Syra-

11 1409 13 1413 ’
65 1426 168 1488 ousas3
188 1405 351 1491 flagrabat
363 1408 437 1470 tota
454 1405 568 1470 domus
587 1404 751 1489 praetoria
770 1403 878 1470 studio
896 1403 1065 1469 hominum

35 1497 95 1558 ¹⁵et
121 1493 310 1578 cupiditate3
338 1515 397 1558 nee
424 1493 543 1559 mirum
571 1493 721 1558 omnibus
750 1492 890 1559 comitiis
906 1496 968 1568 ¹tot
992 1491 1065 1557 civi-

65 1585 166 1647 tatum
192 1603 291 1646 unam
312 1582 348 1646 in
370 1581 502 1648 domum
524 1582 684 1647 revocatis
707 1586 864 1666 tantaque
888 1580 1066 1646 ambitione

66 1669 245 1753 provinciae
269 1669 371 1736 totius
394 1670 429 1736 in
450 1691 515 1734 uno
538 1669 686 1735 cubiculo
709 1670 843 1736 inclusa.
883 1668 1065 1752 Exquisitis

66 1757 170 1842 palam
197 1757 312 1842 pretiis
340 1762 373 1822 et
399 1757 635 1824 licitationibus
657 1757 753 1822 factis
777 1756 973 1822 discribebat
996 1776 1066 1820 cen·

67 1867 151 1912 sores
169 1845 266 1911 binos
282 1845 318 1910 in
340 1846 485 1932 singulas
508 1845 657 1912 civitates
680 1843 910 1910 Timarchides.
950 1842 983 1907 Is
1007 1864 1065 1908 suo

36 1949 57 1990 ιι
67 1933 174 1999 labore
188 1934 318 2018 suisque
331 1934 568 2000 accessionibus
583 1933 680 2000 huius
698 1931 823 2019 negotii
841 1935 939 2014 atque
958 1930 1066 2014 operis

68 2022 214 2088 molestia
232 2023 497 2106 consequebatur,
520 2027 558 2088 ut
578 2023 619 2088 ad
641 2022 742 2088 istum
764 2020 834 2087 sine
856 2018 925 2085 ulla
949 2017 1067 2083 sollici-

67 2109 173 2176 tudine
200 2132 328 2176 summa
354 2110 508 2196 pecuniae
535 2110 718 2176 referretur.
764 2107 836 2174 Iam
862 2107 916 2172 hic
941 2105 1067 2172 Timar-

67 2197 170 2266 chides
190 2202 347 2282 quantam
366 2198 535 2283 pecuniam
558 2198 681 2282 fecerit,
702 2199 799 2283 plane
822 2195 926 2262 adhuc
950 2215 1066 2281 coguo-

68 2307 149 2354 scerc
176 2308 243 2352 non
269 2286 436 2372 potuistis3
463 2307 576 2352 venun
603 2290 715 2354 tamen
738 2285 773 2350 in
799 2284 908 2369 priore
931 2284 1066 2366 actione,

38 2387 159 2457 2⁵quarn
177 2375 276 2459 uarie,
299 2397 398 2459 quam
415 2374 563 2460 improbe
580 2374 755 2460 praedatus
774 2376 870 2456 esset,
888 2373 1066 2437 multorum

70 2463 260 2530 testimoniis
282 2463 489 2548 cognovistis.
1076 2516 1119 2581 54

126 2549 191 2618 Sed
218 2573 259 2616 ne
286 2551 461 2635 miremini,
490 2573 554 2635 qua
583 2550 709 2616 ratione
735 2548 789 2615 hi'c
811 2551 941 2615 tantum
964 2547 1049 2631 apud
1068 2594 1120 2644 1³4

68 2639 162 2706 istum
180 2639 318 2706 libertus
341 2640 494 2724 potuerit,
517 2659 675 2724 exponam
697 2637 791 2704 robis
814 2637 966 2720 breviter,
990 2635 1067 2718 quid

69 2725 203 2792 hominis
231 2727 288 2812 sit,
314 2732 352 2792 ut
375 2731 408 2792 et
430 2727 525 2792 istius
547 2727 740 2812 nequitiam,
763 2726 819 2812 qui
841 2725 936 2790 illum
959 2744 1066 2788 secum

38 2826 59 2867 ⁸⁰
69 2813 222 2899 habuerit,
242 2837 279 2880 eo
293 2817 484 2899 praesertim
497 2836 632 2882 nurnero
646 2837 684 2880 ac
697 2815 779 2898 loco,
797 2818 831 2879 et
845 2811 1067 2878 calamitatem

68 2903 247 2986 provinciae
265 2904 478 2990 cognoscatis.
513 2903 554 2970 In
571 2904 743 2969 mulierum
761 2898 954 2982 corruptelis
977 2901 1010 2962 et
1033 2898 1068 2962 in

69 2992 150 3058 omni
179 2992 249 3058 eius
275 2992 363 3058 modi
391 2992 518 3058 luxuria
541 2996 638 3076 atque
660 2989 806 3074 nequitia
828 2985 1011 3053 mirandum
1032 2985 1067 3050 in

69 3080 194 3148 modum
212 3081 413 3164 reperiebam
432 3080 517 3148 hunc
536 3079 774 3146 Timarchidem
794 3077 836 3142 ad
858 3073 953 3140 istius
976 3074 1067 3161 flagi·

68 3167 163 3238 tiosas
182 3168 334 3236 libidines
353 3169 616 3255 singularemque
634 3165 812 3250 nequitiam
832 3167 947 3229 natum
969 3166 1067 3247 atque

39 3259 177 3340 “aptum
189 3256 304 3341 fuisse3
322 3257 530 3343 investigare,
546 3256 643 3339 adire,
662 3254 835 3338 appellare,
854 3249 1068 3333 eorrumpere,

69 3343 189 3426 quidvis
219 3344 327 3412 facere
357 3345 394 3412 iu
425 3344 492 3410 eius
524 3343 612 3410 modi
643 3342 739 3408 rebus
767 3339 914 3428 quamvis
942 3337 1068 3421 callide,

70 3433 209 3514 quamvis
229 3433 395 3518 audacter,
418 3432 565 3518 quamvis
585 3431 802 3515 impudentem
825 3429 962 3494 eundem
985 3426 1067 3492 mira

1189 3403 1192 3456 l
