2386 3938
372 177 534 236 cAP.1-e
552 185 569 248 s
588 184 666 235 1-e‚
977 183 1019 248 83

26 321 210 389 iucodices?
241 322 349 390 Immo
369 345 481 389 omnes
500 345 652 390 summas.
684 322 770 391 Lero
789 329 823 391 et
840 329 937 392 tenue
957 327 1020 395 hoc

26 412 151 476 nomen?
180 409 236 477 HS
257 427 403 480 cccmoo
427 415 511 478 sunt.
552 410 622 488 Quo
646 412 741 478 modo
765 413 827 479 tibi
849 417 944 480 tanta
967 439 1020 502 pe

27 500 107 565 cunia
124 500 382 566 extraordinaria
402 501 510 566 iacet?
532 522 596 584 quo
619 500 715 567 modo
739 499 795 567 Hs
818 518 962 570 ccclooo
984 504 1020 568 in

26 587 119 654 codice
146 589 271 675 accepti
298 593 332 654 et
358 589 489 674 expensi
517 610 583 654 non
608 588 706 654 sunt?
744 589 810 656 Pro
834 590 867 656 di
889 591 1020 657 immor-

10 677 110 742 ttelesl
132 697 244 744 essene
264 699 459 763 quemquam
477 680 572 742 tante
590 677 724 744 eudocia
742 679 936 765 praeditum,
955 681 1020 765 qui,

27 765 98 849 qnod
109 786 230 832 nomen
242 765 364 831 referre
377 765 413 830 in
425 766 557 832 tabulas
570 765 696 850 timeat,
713 767 748 832 id
760 771 872 853 petere
892 768 1020 854 audeat,

28 853 99 936 quod
122 854 158 920 in
179 853 325 921 codicem
347 853 514 920 iniuratus·
531 854 651 920 referre
673 855 771 940 nolit,
797 855 832 922 id
854 857 962 923 iurare
984 858 1021 923 in

29 941 103 1008 litem
128 963 195 1008 non
222 942 363 1027 dubitet,
391 943 478 1027 quod
504 942 567 1008 sibi
588 943 729 1029 probare
751 965 818 1009 non
838 946 958 1031 possit,
985 946 1019 1011 id

28 1031 203 1114 persuadere
226 1031 324 1096 alteri
346 1031 492 1097 conetur!
570 1039 573 1046 '

10 1133 20 1174 ο
80 1117 222 1185 Nimium
241 1119 307 1184 cito
326 1119 374 1184 eit
393 1140 445 1184 me
467 1118 631 1204 indignari
654 1118 694 1184 de
716 1120 853 1204 tabuli13
874 1141 941 1187 non
963 1090 1058 1217 hcc-52

29 1206 143 1273 herese
165 1208 229 1274 hoe
251 1228 370 1273 nomen
391 1207 427 1272 in
449 1206 591 1273 codicem
614 1207 738 1292 accepti
761 1211 794 1272 et
817 1209 949 1293 expensi
970 1232 1019 1275 re·

30 1294 116 1362 latum
141 1295 329 1379 confitetur,
356 1295 468 1361 sedin
491 1294 686 1361 adversariis
707 1299 820 1381 patere
843 1299 1018 1364 contendit.

29 1381 122 1468 Usque
148 1405 228 1450 eone
256 1387 290 1450 te
317 1383 428 1470 diligis
456 1387 489 1449 et
517 1384 689 1470 magnifice
716 1384 950 1471 circumspicis,
980 1391 1018 1452 ut

31 1473 179 1554 pecuniam
200 1494 269 1538 non
292 1494 331 1538 ex
351 1472 418 1538 tuis
441 1472 577 1555 tabulis,
604 1472 660 1537 sed
683 1473 878 1538 adversariis
900 1474 1018 1560 petas?

10 1555 112 1626 ascum
142 1561 285 1628 codicem
317 1561 411 1626 testis
442 1561 515 1627 loco
548 1560 684 1628 recitare
718 1562 925 1648 arrogantiae
953 1567 1017 1648 est3

33 1668 142 1714 mamm
167 1649 440 1735 perscriptionum
471 1653 505 1714 et
530 1648 703 1715 liturarum
731 1650 917 1716 adversaria
943 1673 1017 1736 pro·

32 1735 96 1802 lene
115 1760 181 1804 non
205 1737 348 1804 amentio
370 1737 442 1802 est?
479 1735 601 1813 Quodsi
624 1738 758 1804 eandem
780 1739 861 1822 vim,
884 1738 1053 1822 diligen-c

33 1825 94 1890 tiam
107 1826 397 1911 auctoritatemque
415 1825 538 1891 habent
556 1825 742 1892 adversaria
761 1847 858 1909 quam
876 1826 1018 1911 tabulae,

33 1914 93 1996 quid
114 1915 233 1981 attinet
255 1914 397 1981 codicem
419 1914 603 1998 instituere,
630 1912 845 1996 conscribere,
872 1913 1017 1979 ordinem

11 2013 214 2086 tmnservere,
239 2002 415 2069 memoriae
437 2003 565 2068 tradere
588 2003 774 2068 litterarum
796 2002 1017 2068 vetustatem?

35 2087 81 2154 Sed
99 2093 137 2176 si,
165 2091 253 2176 quod
275 2090 469 2157 adversariis
491 2090 574 2156 nihil
597 2091 770 2174 credimus,
792 2090 910 2156 idcirco
934 2090 1018 2157 codi-

35 2181 240 2246 conscribere
257 2179 469 2264 instituimus,
494 2178 698 2265 quodetiam
717 2179 803 2264 apud
822 2179 927 2245 omnis
946 2180 1017 2246 leve

35 2271 58 2330 et
78 2267 235 2334 infirmum
262 2271 325 2352 est,
352 2267 386 2332 id
413 2268 499 2353 apud
525 2267 663 2333 iudicem
690 2288 789 2353 greve
812 2271 846 2332 et
869 2272 1016 2334 sanctum

36 2375 88 2420 esse
106 2356 260 2424 ducetur?
300 2354 385 2432 Quid
407 2359 470 2440 est,
497 2355 583 2440 quod
604 2355 815 2441 neglegenter
838 2356 1051 2426 scribamusr

12 2443 218 2511 edversario?
247 2444 410 2529 quidest,
433 2444 519 2528 quod
542 2443 716 2528 diligenter
738 2443 944 2510 conficiemus
966 2449 1017 2510 ta

37 2529 128 2599 bulas?
150 2555 216 2618 qua
233 2532 408 2619 decanea?
440 2530 523 2608 Quia
540 2531 620 2598 haec
644 2535 719 2598 sunt
742 2535 916 2616 menstrua,
939 2533 1017 2598 illae

38 2625 94 2686 nnt
113 2625 276 2705 aeternae3
304 2621 384 2687 haec
412 2619 559 2686 delentur
587 2620 713 2704 statim,
740 2620 817 2686 illae
845 2623 1017 2686 servantur

39 2714 134 2795 uncte3
151 2711 233 2776 haec
246 2709 341 2795 perri
353 2709 510 2794 temporis
529 2707 728 2794 memoriam,
745 2709 823 2774 illae
841 2711 1016 2794 perpetuae

39 2796 263 2866 sdstimationis
280 2797 378 2863 fidem
396 2800 430 2863 et
446 2797 638 2884 religionem
662 2798 915 2882 amplectuntur;
937 2796 1017 2861 haec

15 2891 95 2950 osne
118 2887 265 2970 disiecta,
291 2886 368 2952 illae
397 2889 473 2952 sunt
499 2885 534 2951 in
565 2885 710 2952 ordinem
732 2885 907 2951 confectae.
950 2883 1017 2948 Ite·

41 2991 84 3053 que
110 2974 293 3042 adversaria
322 2975 358 3040 in
388 2973 541 3041 iudicium
569 2973 708 3059 protulit
734 2994 844 3055 nemo,
875 2970 1017 3037 codicem

40 3063 159 3149 protulit,
179 3063 311 3130 tabulas
333 3062 491 3128 recitauit.
534 3061 592 3146 Tu,
615 3060 650 3128 (l.
667 3060 754 3145 Piso,
776 3060 837 3124 tali
859 3058 931 3144 fide,
954 3059 1016 3124 vir·
1035 3075 1056 3140 3

41 3151 97 3233 ute,
116 3153 285 3239 gravitate,
310 3151 504 3217 auctoritate
527 3153 661 3218 ornatus
685 3171 724 3214 ex
747 3147 940 3214 adversariis
962 3171 1017 3235 pe

43 3239 140 3305 tunam
170 3244 280 3326 petere
311 3261 378 3305 non
407 3238 548 3305 auderes.
596 3237 682 3323 Ego,
714 3259 797 3323 quae
823 3237 912 3303 clara
939 3240 1051 3308 eunte

21 3327 254 3412 “nnmetudine
286 3328 407 3394 diutius
439 3327 543 3392 dicere
572 3347 640 3391 non
671 3324 786 3410 debeo,
816 3325 899 3391 illud
929 3347 1017 3409 vero,

45 3415 105 3494 quod
114 3416 153 3482 ed
162 3439 231 3483 rem
242 3417 449 3484 vehementer
462 3415 612 3500 pertinet,
627 3435 759 3498 quaero:
774 3412 879 3490 Quam
891 3413 1017 3499 pridem

44 3497 85 3570 hoc
97 3526 216 3594 nomen,
232 3504 346 3592 Fanni,
369 3505 404 3572 in
422 3503 606 3570 adversaria
624 3502 805 3568 rettulisti?
836 3500 1017 3582 Erubescit,

768 3602 805 3658 g*
