2386 3938
155 213 218 277 166
449 210 489 263 IN
507 209 536 264 C.
555 207 711 263 VERREM
729 207 809 263 Aen.
829 208 862 262 11.

154 359 316 442 queretur,
338 376 451 422 omnes
474 353 516 419 ad
538 375 611 418 eam
634 351 775 437 domum,
797 351 833 417 in
855 375 919 439 qua
936 353 1001 418 iste
1020 353 1160 418 deversa-

152 447 261 530 batur,
273 445 414 530 profecti
428 445 517 526 sunt3
531 441 664 508 caedere
677 442 811 506 ianuam
824 442 921 525 saxis,
933 442 1058 506 instare
1070 443 1161 524 ferro,

153 535 246 622 ligna
290 538 324 598 ct
364 536 529 598 sarmenta
568 530 767 596 circumdare
807 529 982 616 ignemque
1023 531 1161 595 subicere

154 625 338 708 coeperunt.
373 619 458 684 Tum
479 620 565 684 circs
583 617 733 702 Romani,
756 617 813 703 qui
830 615 1003 703 Lampsaci
1020 619 1162 705 negotia-

153 713 289 793 bantur,
319 711 528 791 concurrunt3
559 709 655 771 orant
680 706 934 792 Lampsacenos,
965 710 1004 772 ut
1037 708 1182 794 graviora

155 798 241 884 apud
259 819 314 862 eos
333 817 452 862 nomen
469 795 645 884 legationis
664 815 761 878 quam
779 795 899 860 iniuria
916 795 1021 882 legati
1038 799 1163 881 putare-

154 891 223 969 tur3
246 906 316 950 sese
338 879 530 971 intellegere
551 881 717 949 hominem
739 883 836 948 illum
858 905 929 948 esse
947 883 1115 969 impurum
1132 905 1163 948 ac

154 973 329 1059 nefarium,
357 971 589 1058 sedquoniam
610 993 670 1038 nec
691 970 894 1056 perfecisset,
922 972 1011 1055 quod
1034 977 1163 1038 conatus

156 1067 255 1148 esset,
286 1085 390 1148 neque
419 1061 549 1128 futurus
581 1063 668 1126 esset
698 1059 872 1145 Lampsaci
902 1065 1034 1146 postea,
1065 1061 1162 1125 levius

155 1173 269 1218 corum
285 1155 455 1238 peccatum
471 1149 551 1235 fors,
571 1149 600 1214 si
618 1149 743 1252 homini
761 1146 919 1214 scelerato
937 1149 1162 1235 pepercissent,
1173 1167 1190 1208 o

104 1335 138 1385 ⁷0
158 1241 791 1394 quad-iomisligaddulldnsidieilactilsrendl
820 1326 959 1410 nequior
987 1347 1086 1413 quam
1113 1327 1162 1391 ille

155 1415 341 1482 Hadrianus
364 1415 532 1500 aliquanto
553 1415 654 1480 etiam
670 1413 798 1480 felicior
814 1411 891 1499 niu
908 1415 977 1499 ille,
996 1415 1083 1500 quod
1101 1416 1162 1480 eius

156 1504 330 1568 avaritiam
362 1503 448 1568 cives
474 1501 615 1568 Romani
642 1502 728 1568 ferre
749 1524 817 1568 non
838 1507 1032 1589 potuerunt,
1052 1499 1162 1568 Uticae

156 1591 244 1656 domi
276 1612 354 1656 suae
382 1591 476 1656 vivus
508 1595 640 1656 exustus
673 1595 737 1676 est,
766 1591 864 1676 idque
896 1591 945 1656 ita
974 1591 1026 1656 illi
1052 1592 1162 1658 merito
1173 1611 1188 1650 u

156 1679 310 1746 accidisse
333 1679 555 1746 existimatum
577 1683 636 1765 est,
657 1681 696 1744 ut
713 1679 915 1745 laetarentur
933 1701 1046 1746 omnes
1064 1701 1162 1766 neque

155 1769 225 1834 nlla
247 1767 484 1835 animadversio
507 1768 774 1852 constitueretur,
795 1767 850 1835 hic
872 1769 1037 1834 sociorum
1059 1769 1161 1834 ambu-

156 1862 227 1926 stus
249 1857 397 1926 incendio
419 1861 532 1923 tamen
553 1875 592 1921 cx
609 1857 669 1922 illa
685 1855 819 1922 flamma
836 1854 1046 1944 periculoque
1063 1860 1161 1923 erola·

155 1949 205 2014 vie
240 1966 345 2033 nequa
381 1945 486 2012 adhuc
521 1965 651 2011 causam
687 1945 791 2010 ullam
827 1946 1013 2032 excog'tare
1050 1947 1162 2032 potuit,

157 2059 255 2121 quam
283 2037 326 2101 ob
353 2055 423 2100 rem
449 2033 661 2117 commiserit,
692 2037 752 2099 aut
779 2034 856 2118 quid
882 2033 1040 2120 evenerit,
1065 2038 1103 2099 ot
1132 2035 1192 2104 ins,

155 2128 286 2188 tantum
313 2122 493 2208 periculum
520 2122 654 2187 veniret.
698 2119 776 2186 Non
803 2122 889 2187 enim
916 2126 1028 2208 potest
1051 2121 1161 2188 dicere:

157 2211 242 2275 ‘cum
257 2209 448 2274 seditionem
462 2210 574 2275 sedare
587 2209 716 2294 vellem,
732 2231 806 2275 cum
818 2209 1020 2276 frumentum
1033 2211 1161 2296 impera-

156 2319 239 2382 rem,
265 2319 339 2363 cum
366 2297 563 2383 stipendium
589 2319 753 2385 cogerem,
781 2321 854 2364 cum
881 2299 1007 2384 aliquid
1033 2299 1161 2384 deniqne

156 2385 203 2450 rei
239 2385 388 2471 publicae
424 2408 521 2452 causa
553 2405 713 2474 gererem,
747 2387 834 2472 quod
864 2387 971 2453 acrius
1002 2388 1161 2474 imperari,

157 2473 243 2560 quod
262 2473 484 2560 animadverti,
504 2475 589 2562 quod
605 2475 749 2540 minatus
763 2474 856 2540 sum?
892 2474 983 2551 Quae
997 2477 1025 2541 si
1040 2475 1161 2556 diceret,
1172 2491 1191 2546 ε,

157 2567 265 2629 tamen
275 2561 402 2650 ignosci
411 2571 478 2628 noll
487 2566 662 2650 oporteret,
671 2563 805 2629 sinimis
815 2563 1160 2652 atrociterimperando

104 2623 253 2751 &fasciis
273 2651 459 2716 intantum
482 2651 639 2717 adductus
661 2651 842 2738 periculum
863 2651 1036 2719 videretur.
1073 2651 1159 2718 Nunc

157 2741 308 2828 cumipse
316 2733 711 2806 causamilliustumultus
719 2759 941 2827 nequereram
952 2741 1057 2808 dicere
1065 2762 1160 2826 neque

155 2829 275 2897 falsam
298 2829 482 2917 confingere
501 2821 626 2914 audeat,
648 2829 747 2895 homo
767 2832 876 2895 autern
893 2829 1018 2895 ordinis
1036 2831 1086 2896 sui
1101 2829 1160 2894 fru-
1189 2863 1190 2900 3

158 2919 354 3006 galissimus,
373 2917 430 3004 qui
446 2920 517 2982 tum
536 2937 688 2984 accensus
705 2915 741 2984 O.
754 2915 878 2983 Neroni
894 2915 968 3003 fuit,
981 2917 1017 2983 P.
1032 2915 1187 2996 ‘Pettium

157 3007 237 3073 haec
251 3009 363 3074 eadem
378 3028 412 3072 se
430 3005 603 3092 Lampsaci
620 3025 778 3092 cognosse
797 3004 922 3091 dixerit,
943 3007 996 3072 vir
1019 3005 1159 3072 omnibus

156 3093 254 3159 rebus
274 3093 510 3180 ornatissimus,
533 3093 568 3160 0.
581 3090 698 3179 Varro,
717 3093 773 3180 qui
790 3099 861 3159 tum
874 3095 909 3159 in
922 3093 1005 3160 Asia
1018 3095 1159 3160 tribunus

157 3181 300 3248 militum
317 3183 390 3268 lliit,
408 3184 487 3249 haec
506 3183 618 3249 eadem
635 3183 706 3269 lpse
726 3205 759 3249 se
778 3199 817 3248 ex
830 3181 1025 3250 Philodamo
1042 3183 1160 3250 audisse
1188 3215 1189 3219 =

158 3259 258 3353 dicat,
287 3271 425 3355 potestis
448 3272 610 3355 dubitare,
633 3271 712 3356 quin
732 3272 834 3336 istum
856 3269 990 3338 iortuna
1011 3294 1078 3338 non
1097 3275 1160 3336 tan

159 3369 197 3417 es
219 3355 279 3421 illo
301 3357 445 3441 periculo
468 3359 591 3444 eripere
614 3359 755 3425 voluerit
778 3381 876 3444 quam
899 3360 941 3424 ad
960 3366 1104 3426 vestrum
1120 3359 1188 3421 ios

159 3437 277 3503 dicium
304 3445 491 3508 reservare?
536 3443 609 3510 Nisi
636 3459 713 3512 ve'ro
740 3447 823 3512 illud
851 3447 949 3532 dicet,
975 3449 1000 3531 †
1023 3447 1106 3534 quod
1131 3449 1158 3508 et
1187 3481 1188 3538 p

157 3525 193 3589 in
207 3523 297 3589 Tetti
311 3528 499 3593 testimonio
517 3531 626 3614 priore
649 3535 776 3601 actione
795 3535 1018 3620 interpellavit
1031 3535 1159 3601 Horten-
