2386 3938
324 147 402 204 car.
421 154 490 204 e-s
509 154 524 215 s
542 154 655 204 abac.
936 150 999 216 107

41 292 162 356 laricem
177 291 329 378 legitima,
344 313 412 358 non
422 292 482 357 illa
495 292 610 359 infami
624 314 662 359 ac
675 291 808 358 nefaria
844 294 953 379 Atque
971 294 1000 360 is

40 383 145 446 uonbm
153 384 281 464 propter
289 379 424 446 Verrem
434 381 572 464 laborat,
583 402 682 465 quam
691 381 777 465 quod
785 403 859 446 eum
868 383 1000 448 minimo

39 489 72 530 res
84 470 142 534 tota
154 467 295 534 delectat.
318 468 416 534 Videt
431 469 525 552 enim,
542 469 571 534 si
584 469 720 554 spueris
730 468 905 554 nobilibus,
919 493 1000 556 quos

39 554 112 620 adhuc
127 555 223 638 elusit,
245 557 307 622 sia
324 556 642 642 quadruplatoribus,
665 579 746 641 quos
762 579 829 623 non
847 558 915 624 sine
929 580 1001 624 can·

24 644 240 729 sucontcmpsit
256 665 385 731 semper
404 665 442 711 ac
463 667 524 731 pro
545 645 649 710 nihilo
667 646 806 730 putavit,
829 645 1001 712 accusandi

38 731 149 796 voluntas
175 731 213 797 ad
234 733 322 800 ciros
345 733 447 799 tortas
470 737 698 818 spectatosque
720 733 868 800 homines
895 739 1000 800 trans-

38 820 83 883 lata
102 820 151 904 sit,
175 841 244 886 sese
270 820 305 886 in
332 820 458 887 iudiciis
482 821 603 886 diutius
625 821 786 888 dominari
807 844 873 888 non
895 844 1040 938 posse.8

39 905 93 972 Huic
110 927 163 994 ego
184 908 309 974 homini
331 908 396 974 iam
420 913 495 975 ante
517 909 682 994 denuntio,
705 911 734 974 si
756 933 776 975 a
795 933 846 976 ma
868 933 1000 977 cansam
1019 950 1053 1000 25

39 993 92 1060 hanc
105 1018 154 1061 vos
172 997 225 1083 agi
245 997 423 1082 volueritis,
440 998 600 1064 rationem
618 997 669 1063 illi
686 997 875 1063 defendendi
895 1003 1000 1066 totam

23 1100 83 1146 cesse
95 1086 279 1170 mutandam,
299 1089 334 1152 et
354 1086 402 1150 ita
424 1087 622 1170 mutandam,
644 1089 682 1151 ut
700 1087 833 1152 meliora
851 1091 885 1152 at
903 1088 1001 1153 hone·

39 1171 105 1236 aiore
115 1173 300 1254 condicione,
318 1195 416 1260 quam
431 1195 495 1258 qua
507 1175 577 1259 ipsc
591 1174 672 1258 vult,
690 1174 837 1239 imitetur
852 1175 1000 1240 homines

38 1279 79 1340 eos,
88 1282 154 1344 quos
166 1262 235 1348 ipse
248 1261 332 1327 vidit
346 1263 573 1348 amplissimos,
587 1261 623 1327 L.
636 1262 792 1329 Crassum
801 1262 885 1328 acic
899 1263 1001 1328 Anto·

37 1347 103 1431 nun,
121 1350 170 1432 qui
190 1349 275 1416 nihil
298 1371 332 1414 se
355 1351 610 1416 arbitrabantur
623 1351 665 1415 ad
686 1351 805 1417 iudicia
822 1373 1001 1435 causasque

38 1435 169 1502 micorum
187 1442 319 1524 praeter
341 1438 436 1503 fidem
460 1443 493 1503 et
514 1439 682 1525 ingenium
705 1439 820 1504 afferre
842 1443 1000 1524 oportere.

22 1517 98 1588 tlihil
120 1526 188 1610 erit,
214 1525 304 1610 quod
330 1547 381 1592 me
408 1531 527 1612 agente
556 1527 734 1592 arbitratur
755 1527 908 1594 iudicium
931 1528 1001 1593 sine

40 1631 119 1696 magno
142 1615 317 1680 multorum
344 1615 488 1699 periculo
515 1636 612 1700 posse
641 1616 812 1702 corrumpi
861 1617 934 1702 Ego
966 1617 1001 1681 iu
1019 1629 1054 1679 aa

39 1695 77 1762 hoc
92 1701 193 1768 iudicio
216 1701 300 1768 mihi
322 1699 504 1768 Siculorum
527 1725 658 1768 causam
684 1708 862 1790 receptam,
888 1704 1002 1788 populi

39 1783 137 1854 Romani
160 1794 344 1876 susceptam
371 1811 442 1856 esse
471 1791 626 1875 arbitror,
655 1794 693 1857 ut
720 1791 801 1856 mihi
827 1813 892 1857 non
918 1813 1001 1856 unus

22 1871 103 1965 ,tono
132 1878 298 1964 improbus
339 1879 568 1964 opprimendus
610 1879 667 1964 sit,
707 1878 740 1942 id
780 1879 867 1963 quod
902 1876 1003 1943 Siculi

20 1964 189 2050 lpotiverunt,
221 1967 280 2034 sed
306 1967 411 2033 onmis
440 1967 649 2052 improbitas,
678 1966 713 2031 id
745 1967 831 2050 qnod
861 1966 1002 2052 populus

39 2045 160 2120 bamus
178 2057 245 2122 iam
265 2055 319 2121 din
337 2055 477 2140 flagitat,
499 2054 734 2142 exstinguenda
752 2059 849 2139 atque
867 2054 1004 2120 delenda

40 2137 71 2202 tit
102 2140 135 2208 ln
158 2165 220 2228 quo
249 2165 313 2230 ego
340 2142 418 2228 quid
440 2143 520 2209 eniti
542 2147 599 2209 aut
622 2144 701 2228 quid
722 2143 848 2210 efficere
869 2143 1003 2229 possim,

39 2227 135 2294 maloin
150 2233 288 2298 aliorum
309 2253 367 2318 spa
389 2231 571 2317 relinquere
590 2254 687 2316 quam
709 2232 744 2297 in
765 2232 912 2298 oratione
930 2253 1004 2298 mea

39 2333 129 2394 ponere.

19 2408 45 2497 Ι,
80 2403 119 2470 lu
133 2430 213 2488 vero,
231 2406 363 2493 Caecili,
383 2408 460 2491 quid
477 2409 594 2494 potas?
618 2430 681 2493 quo
699 2412 845 2494 tempore
864 2412 921 2474 aut
939 2431 1003 2493 qua
1021 2419 1055 2470 2⁷

40 2507 99 2556 ure
116 2517 174 2562 non
195 2496 293 2563 modo
316 2496 431 2564 ceteris
455 2496 618 2582 specimen
639 2495 771 2580 aliquod
794 2497 924 2580 dedisti,
948 2497 1004 2562 sed

41 2579 84 2642 tute
100 2584 141 2648 tui
161 2584 339 2670 periculum
361 2583 490 2650 fecisti?
525 2583 565 2650 In
583 2588 725 2650 mentem
743 2585 805 2650 tibi
822 2606 888 2650 nou
905 2585 1004 2666 venit,

40 2666 89 2744 quid
111 2675 227 2758 negotii
260 2673 303 2740 sit
333 2694 464 2739 causam
495 2673 660 2757 publicam
692 2673 865 2755 sustinere,
901 2672 1005 2738 vitam

18 2835 19 2838 Ἴ
41 2751 136 2848 sterius
150 2766 254 2828 totam
274 2761 434 2845 explicare
453 2765 551 2845 atque
564 2783 636 2826 eam
649 2783 716 2826 non
728 2760 825 2827 modo
839 2761 874 2825 in
886 2759 1003 2824 animis

17 2839 153 2934 sincicum,
179 2851 236 2916 sed
265 2849 362 2916 etiam
389 2850 425 2913 in
456 2850 559 2916 oculis
592 2853 828 2935 conspectuque
860 2846 1004 2912 omnium

42 2945 170 3021 exponere,
197 2939 357 3006 sociorum
385 2937 538 3021 salutem,
565 2938 734 3004 commoda
755 2934 1004 3022 provinciarum,

41 3014 82 3082 viu
90 3021 192 3109 legum,
206 3026 403 3113 gravitatem
412 3025 603 3091 iudiciorum
617 3023 808 3091 defendere?
836 3021 1003 3108 Cognosce
1023 3029 1042 3092 9

43 3120 64 3164 ²¹
80 3129 130 3195 ne,
154 3115 305 3199 quoniam
326 3115 388 3180 hoc
410 3115 551 3199 primum
573 3118 702 3200 tempus
726 3109 870 3178 discendi
889 3114 1004 3177 nactus

43 3208 71 3274 t,
93 3219 176 3281 quam
206 3205 310 3270 multa
342 3223 412 3268 esse
445 3206 597 3287 oporteat
627 3202 662 3267 in
694 3223 747 3286 eo,
778 3199 834 3284 qui
865 3200 1005 3266 alterum

24 3285 145 3373 *conseq
164 3313 201 3356 ex
225 3292 341 3376 quibus
364 3291 392 3356 si
414 3312 513 3356 unum
537 3291 669 3375 aliquod
690 3290 725 3355 in
747 3293 780 3355 te
805 3288 1005 3374 cognoveris,

45 3383 80 3449 ⁰80
96 3372 152 3442 iam
172 3379 233 3446 tibi
254 3381 324 3466 ipse
346 3379 445 3462 istuc,
468 3378 554 3462 quod
576 3377 714 3463 expetis,
741 3397 815 3442 mea
836 3376 1005 3441 voluntate

17 3513 18 3516 ,
44 3462 181 3533 liudem.
227 3467 374 3534 Primum
402 3467 626 3552 integritatem
659 3469 756 3549 atquc
787 3463 1006 3530 innocontiam
