2404 3928
159 169 228 234 422
455 165 864 224 marmanum

159 313 298 378 Verrem
324 312 549 378 decerneretur
574 312 610 378 in
635 333 675 376 ea
700 313 804 396 unia,
829 311 864 376 in
892 333 959 396 qua
981 311 1156 376 inauratam

109 400 214 470 1390.
233 400 347 466 Verris
373 405 518 466 statuam
544 401 695 465 ridemm.
738 398 832 475 Quod
853 404 1067 486 posteaquam
1089 399 1157 484 dixi,

159 487 952 577 metganitusfnecunuspoecuscacuae
974 492 1157 554 etcomnm

160 581 357 662 moratione,
385 583 425 643 ut
454 575 538 642 illud
568 578 604 643 in
633 578 724 642 curia
749 577 893 662 positum
920 580 1158 642 monumentum

161 669 332 751 scelernm,
361 688 427 732 non
456 665 685 731 beneficiorum
710 665 882 730 videretur.
931 663 1017 731 'lum
1043 685 1103 752 pro
1129 685 1179 729 ses

161 757 306 841 quisque,
327 759 487 840 quantum
503 754 637 820 diceudo
659 753 793 838 adsequi
814 757 956 838 poterat,
979 754 1092 820 docere
1113 774 1159 818 me

161 847 269 929 eoepit
295 865 347 924 es,
374 864 458 927 qnae
479 843 579 927 paulo
600 846 677 908 aute
698 843 964 925 commemorari,
991 843 1158 928 spoliatam

160 933 289 1013 urbem,
318 931 398 996 fana
428 930 569 1015 direpta,
600 931 640 995 de
665 929 810 996 Heraclii
840 930 1037 1015 hereditate,
1067 953 1158 1016 quam

161 1020 362 1107 palaestritis
375 1019 596 1103 conmmsset
609 1019 714 1084 multo
727 1019 904 1084 maximam
916 1023 1046 1103 partem
1058 1020 1158 1106 ipsum

161 1110 350 1192 abstulisse,
379 1128 485 1192 neque
511 1107 743 1192 postulandum
768 1107 882 1192 fuisse,
911 1111 950 1172 ut
975 1107 1035 1172 ille
1059 1109 1159 1194 palae
1171 1127 1189 1166 ιο

162 1199 277 1263 atritas
295 1198 455 1284 diligeret,
476 1196 533 1280 qui
550 1196 651 1261 etiam
667 1195 869 1260 inventorem
892 1195 959 1261 olei
981 1195 1076 1262 deum
1098 1215 1160 1260 sus·

160 1288 307 1370 tulisset3
328 1306 432 1370 neque
448 1285 543 1349 illam
560 1288 704 1349 statuam
721 1305 792 1349 esse
814 1305 854 1348 ex
876 1285 1015 1368 pecnnia
1036 1285 1160 1370 publiea

160 1397 266 1459 meque
293 1374 423 1459 publice
449 1373 574 1457 datam,
605 1373 662 1437 sed
687 1393 757 1455 eos,
788 1371 845 1456 qui
870 1373 1063 1438 hereditatis
1089 1373 1160 1437 diri-

160 1463 296 1547 piendae
318 1461 495 1548 participes
516 1460 668 1542 fuissem,
691 1459 873 1526 Mundam
895 1460 1158 1546 statuendamque

161 1571 305 1632 omasse3
326 1549 457 1614 eosdem
474 1548 599 1614 Romae
615 1549 716 1614 fnisse
734 1549 872 1636 legatos,
893 1549 985 1614 illius
1003 1549 1189 1615 adiutoresu

160 1637 397 1724 improbitatis,
431 1638 536 1703 socios
566 1637 743 1721 furtorum,
774 1637 921 1704 conscios
951 1637 1157 1724 flagitiorum

161 1749 201 1794 eo
226 1728 334 1792 minus
360 1727 474 1792 mirari
499 1747 552 1791 me
578 1730 745 1828 oportere,
769 1725 798 1790 si
819 1726 871 1790 illi
893 1727 1058 1792 communi
1079 1726 1158 1812 lega·

108 1811 795 1970 etffla'0lttttstltl0llt
808 1813 1044 1969 “if-liliis
1068 1901 1157 1968 aa

109 1949 228 2059 14⁰non
258 1994 430 2076 minorem,
461 1991 518 2056 sed
543 2012 646 2076 prope
672 1991 830 2056 maiorem
856 2013 955 2076 quam
984 1990 1189 2058 Siculorumu

160 2085 342 2147 ceterorum
364 2101 435 2145 esse
457 2080 608 2166 cognovi,
632 2083 703 2144 tum
725 2099 834 2144 meum
856 2079 1002 2144 animum
1023 2080 1059 2145 in
1079 2079 1157 2160 illos,
1196 2125 1197 2185 ,

160 2173 231 2233 tum
263 2169 327 2232 mei
358 2167 487 2234 consilii
517 2167 706 2253 negotiique
733 2167 836 2232 totius
864 2169 1009 2253 suscepti
1035 2188 1156 2234 eausam

159 2255 385 2339 rationemque
398 2255 562 2339 proposui,
578 2259 649 2320 tum
663 2277 718 2320 eos
731 2256 883 2321 hortatus
898 2277 981 2339 sum,
999 2260 1037 2322 ut
1050 2275 1155 2322 causae

160 2344 325 2410 communi
343 2343 506 2428 salutique
523 2364 567 2408 ne
583 2343 740 2428 deessent,
762 2347 800 2410 ut
820 2345 913 2410 illam
935 2345 1155 2422 laudationem,
1195 2401 1196 2431 ,

160 2453 259 2519 quam
285 2453 321 2497 se
347 2432 381 2497 ri
407 2453 450 2498 ae·
471 2435 561 2496 metu
588 2436 717 2498 coactos
744 2433 856 2518 paucis
882 2432 951 2498 illis
979 2433 1090 2498 diebus
1111 2430 1185 2494 deu

160 2542 265 2588 cresse
287 2521 448 2604 dicebant,
469 2520 633 2585 tollerent.
672 2519 797 2605 Itaque,
819 2520 950 2605 iudices,
971 2517 1154 2606 Syracusani

159 2609 240 2676 haec
270 2608 408 2692 faciunt,
443 2607 538 2673 istius
570 2609 704 2674 clientes
737 2612 835 2694 atquc
866 2609 970 2675 amici
1020 2607 1153 2675 Primum
1194 2613 1195 2675 l

160 2698 241 2763 mihi
262 2697 390 2763 litterae
412 2696 574 2783 publicas,
597 2717 679 2782 quas
701 2697 737 2762 in
760 2697 885 2764 aerario
897 2698 1071 2764 'sanctiore
1091 2715 1153 2762 con·

160 2786 246 2851 ditas
264 2785 438 2869 habebant,
459 2784 641 2870 proferunt3
663 2785 699 2849 in
716 2785 834 2870 quibus
853 2786 1030 2853 ostendunt
1047 2784 1153 2864 omnia,

159 2896 242 2959 quae
261 2872 331 2976 dixi
346 2874 458 2977 atleta
475 2894 554 2957 esse,
571 2873 752 2975 perscripta
769 2878 803 2938 at
820 2875 915 2960 plura
934 2874 1182 2992 etiamnunc

159 2965 333 3115 {tall
351 2962 1034 3135 ltu,253⁸t‘ztttuttl05rt’tr,
1060 2958 1153 3134 tlt

159 3156 204 3201 ex
222 3137 314 3202 aede
327 3137 447 3222 Iovis,
465 3137 564 3224 quod
583 3160 626 3203 ex
644 3137 734 3204 aede
748 3137 890 3206 Liberi'
909 3173 952 3186 ·-
971 3139 1151 3224 utquisque

157 3223 198 3288 iis
219 3225 316 3289 rebus
338 3225 466 3293 tuendis
490 3226 781 3312 conservandisque
802 3227 1001 3314 praefuerat,
1024 3227 1072 3292 ita
1093 3245 1152 3312 per·

158 3311 316 3392 seriptum
335 3317 406 3377 erat
426 3349 465 3361 -
488 3313 580 3380 ‘cum
601 3315 795 3380 rationem
813 3338 830 3381 e
849 3316 935 3402 lege
957 3315 1178 3380 reddereris

157 3397 208 3476 et,
227 3413 323 3492 quae
342 3405 584 3485 acceperant,
607 3403 763 3468 tradere
781 3403 978 3486 deberent,
1000 3404 1151 3489 petisse,

186 3482 192 3498 ’
246 3479 315 3561 “¹⁰¹2
347 3485 446 3561 quod
474 3507 539 3552 eae
567 3509 628 3554 res
657 3490 852 3575 abessent,
878 3491 1151 3578 ignosceretur3
