2402 3936
248 151 314 206 LlB.
333 153 360 206 ΙΙ
392 151 468 206 OAP.
489 159 592 207 61-63
612 158 627 217 5
648 158 794 206 149-154.
956 152 1022 216 255

51 299 227 360 monuments
261 296 414 381 pecunias
449 296 618 360 voluntate
650 315 708 360 sua
739 316 806 360 non
837 297 1022 362 contulisse.

51 382 133 466 litque
156 387 191 448 at
217 383 279 448 hoc
303 388 411 448 totum
432 382 587 448 facillime
609 383 758 468 intellegi
780 384 898 468 possit,
926 406 1022 468 quem

49 472 115 534 voles
139 493 247 536 eorum
272 472 419 555 testium,
447 493 528 554 quoa
550 471 744 556 produxero,
772 471 829 555 qui
850 493 889 536 ex
912 469 1023 537 Sicilia

50 562 124 624 ostes
151 564 239 642 sunt,
272 559 339 626 sive
370 563 521 645 togatum
553 559 621 624 sive
650 556 808 643 Siculum,
839 561 956 646 rogsto
989 564 1022 624 et

34 667 112 729 scum,
139 649 191 731 qui
221 648 285 712 tibi
316 648 557 712 inimicissimus
590 668 660 712 esse
691 647 868 732 videbitur,
900 648 956 732 qui
987 669 1024 712 se

22 785 24 790 .
50 735 192 818 spoliatum
231 737 291 800 ahs
327 740 360 801 te
396 755 467 800 esse
506 735 603 818 dicet,
643 736 757 819 ecquid
793 758 851 801 suo
892 737 1022 802 nomine

49 823 174 888 irtuam
199 829 344 889 statuam
372 823 560 907 contulerit,
590 823 753 888 nemiuem
779 824 933 908 reperies,
967 824 1022 908 qui

50 915 130 995 neget,
158 913 278 978 etenim
309 934 420 979 omnes
453 911 623 1000 dederunt.
672 911 874 995 Quemquam
901 913 1003 999 igitur
1024 924 1074 974 153
1136 963 1143 972 ,

49 1002 118 1080 putas
138 999 372 1084 dubitaturum,
395 1001 473 1084 quin
494 1001 537 1084 is,
561 1019 656 1084 quem
679 999 741 1064 tibi
763 1001 1023 1066 inimicissimum

28 1105 98 1150 resse
108 1093 260 1172 oporteat,
279 1090 334 1172 qui
348 1090 406 1154 abs
420 1093 454 1154 te
469 1088 679 1172 gravissimas
698 1086 834 1153 iniurias
854 1089 1022 1172 acceperit,

50 1175 183 1254 pecuniam
216 1181 345 1242 statuae
374 1177 507 1242 nomine
538 1176 663 1241 dederit
694 1175 727 1240 vi
760 1181 857 1259 atque
884 1176 1022 1260 imperio

50 1261 185 1348 adductus,
216 1286 285 1330 non
313 1265 419 1330 officio
452 1285 489 1329 ac
520 1263 711 1331 voluntate?
755 1263 803 1328 Et
832 1264 928 1330 huius
960 1284 1022 1349 ego

49 1352 177 1438 pecuniae,
198 1353 331 1436 iudices,
354 1374 435 1436 quae
456 1373 635 1438 permagna
658 1356 708 1417 est
730 1352 1023 1436 impudentissime·

50 1438 113 1519 [que]
139 1445 252 1508 coacta
283 1442 324 1506 ab
355 1440 481 1523 invitis,
511 1462 578 1504 non
604 1440 705 1506 habui
731 1441 895 1508 arionem,
918 1461 1022 1526 neque

28 1523 137 1594 elabere
152 1531 257 1615 potui,
279 1533 435 1614 quantum
454 1529 495 1593 ab
514 1529 708 1612 aratoribus,
731 1535 889 1612 quantum
908 1529 950 1595 ab
970 1550 1022 1593 ne·

50 1615 249 1702 potatoribus,
277 1618 333 1702 qui
357 1615 538 1701 Syracusis,
566 1617 622 1700 qui
643 1616 834 1702 Agrigenti,
860 1617 916 1700 qui
937 1616 1023 1681 Pan-

49 1700 133 1788 hormi,
150 1707 204 1790 qui
221 1705 372 1790 Lilybaei
389 1705 608 1790 negotiantur,
626 1708 712 1769 esset
731 1709 886 1786 cocetum,
905 1708 939 1768 et
955 1704 1023 1768 iam

50 1788 207 1880 delegitis
234 1795 340 1878 ipsius
367 1813 494 1878 quoque
521 1791 723 1858 confessione
750 1793 792 1856 ab
817 1790 1023 1856 invitissimis

50 1885 161 1946 coactam
182 1905 265 1948 esse.
1033 1936 1076 2000 63

29 1979 44 2020 ὓ
94 1966 186 2037 Venio
213 1993 300 2036 nunc
328 1971 369 2035 ad
397 1969 546 2035 civitates
575 1967 718 2050 Siciliae,
750 1967 788 2031 de
817 1966 935 2051 quibus
961 1964 1010 2028 fa·
1025 2013 1077 2061 154

51 2053 139 2122 cillime
150 2059 304 2125 iudicium
317 2059 388 2124 fieri
401 2057 580 2122 voluntatis
593 2058 711 2141 potest.
740 2053 795 2120 An
808 2054 908 2120 etiam
923 2051 1023 2118 Siculi

51 2139 118 2208 inviti
139 2148 367 2214 coutulerunt?
412 2143 490 2212 Non
517 2149 568 2210 est
593 2143 773 2229 probabile.
817 2142 950 2208 Etenim
978 2142 1024 2206 sio

51 2225 73 2291 0.
84 2229 204 2302 Verrem
232 2239 419 2320 praeturam
445 2234 481 2297 in
504 2230 614 2298 Sicilia
642 2231 782 2318 gessisse
807 2235 950 2313 constat,
977 2234 1023 2312 ut,

51 2335 100 2383 eun
125 2325 269 2408 utrisque
298 2324 379 2388 satis
405 2322 512 2388 facere
538 2343 606 2386 non
630 2323 756 2404 posset,
786 2323 820 2384 et
847 2317 963 2384 Siculis
991 2322 1049 2383 et-

29 2405 155 2494 rugato,
185 2411 286 2478 officii
317 2411 427 2497 potins
453 2411 489 2476 in
516 2409 621 2476 socios
650 2429 747 2491 quam
774 2406 962 2472 ambitionis
989 2406 1026 2472 in

22 2547 23 2552 ,
50 2492 105 2560 civis
131 2500 289 2566 rationem
320 2499 454 2564 duxerit.
498 2496 614 2581 Itaque
641 2517 714 2560 eum
740 2516 807 2560 nou
835 2496 942 2561 solum
968 2511 1025 2559 Pa·

22 2627 23 2632 .
51 2596 162 2652 ssorum
187 2588 278 2653 illius
300 2588 440 2671 insulae,
468 2585 524 2650 ssd
547 2586 648 2650 etiam
670 2582 809 2650 SOTERA
831 2583 1025 2667 inscriptum

23 2719 24 2722 κ
50 2668 96 2734 lidi
121 2673 293 2758 Syracusis.
346 2675 418 2740 Hoc
455 2677 613 2758 quantum
649 2672 721 2736 est?
771 2671 824 2736 Ita
859 2689 1024 2756 magnum,

22 2773 24 2780 “
50 2761 74 2818 ut
89 2758 192 2828 latine
220 2785 285 2830 uno
312 2763 412 2828 uerbo
440 2761 576 2846 exprimi
603 2781 669 2825 non
691 2759 804 2844 possit.
849 2758 883 2822 Is
906 2760 956 2821 est
977 2756 1026 2819 ni·

29 2845 140 2914 »mrum
153 2869 274 2935 sosas,
291 2852 348 2935 qui
361 2851 503 2916 salutem
520 2850 618 2914 dedit.
652 2847 757 2912 Huius
775 2845 905 2912 nomine
925 2843 1025 2908 etiam

51 2929 97 2998 dier
122 2939 196 3004 festi
223 2941 404 3027 agitantur,
434 2938 571 3024 pulchra
597 2937 656 3002 illa
677 2934 807 3022 Verria,
838 2953 904 2998 nou
932 2930 1027 3015 quasi

50 3015 200 3113 Marcellia,
233 3028 288 3092 sed
315 3049 375 3112 pro
402 3026 593 3108 Marcelliis,
626 3045 708 3108 quae
735 3021 786 3086 illi
812 3020 907 3085 istius
934 3019 1026 3084 iussu

50 3114 235 3200 sustulerunt3
257 3116 353 3182 huius
371 3115 480 3181 fornix
494 3114 532 3178 in
549 3113 621 3178 foro
640 3109 807 3195 Syracusis
826 3111 885 3191 est,
907 3107 942 3174 in
961 3128 1027 3190 quo

50 3198 130 3266 nudus
144 3205 229 3270 filius
252 3207 333 3289 stat,
354 3203 426 3288 ipse
449 3206 558 3270 autem
581 3222 620 3266 ex
641 3219 724 3283 equo
746 3195 902 3262 nudatam
926 3196 967 3260 sb
991 3213 1027 3258 se

28 3287 221 3363 lprovinciam
256 3291 429 3378 prospicit;
463 3291 560 3358 huius
594 3291 722 3354 statuae
754 3285 835 3350 locis
867 3283 1027 3366 omnibus,

51 3389 111 3452 quae
134 3378 194 3446 hoc
221 3380 443 3446 demonstrare
469 3379 652 3460 videantur,
679 3394 780 3459 prope
806 3372 938 3438 modum
959 3391 1028 3436 non

51 3460 133 3530 minus
153 3469 272 3534 multas
296 3473 424 3534 statuas
444 3467 545 3534 istum
565 3463 714 3550 posuisse
737 3459 904 3546 Syracusis
928 3480 1025 3544 quam
