2470 3936
321 190 389 246 LIB.
403 193 431 247 v
463 191 542 250 csP.
563 199 667 250 se-ao
685 199 700 260 s
719 200 832 251 47-51.
1013 194 1078 257 447

67 335 179 422 pretio
208 336 335 402 varium
367 337 418 402 ius
450 341 484 402 et
515 336 677 422 disparem
707 336 926 403 condicionem
955 336 1079 404 nisse?

68 421 180 502 quid?
216 423 244 488 si
277 423 345 490 eius
373 424 461 490 modi
488 446 560 491 esse
586 427 667 491 haec
693 426 756 492 duo
783 425 914 491 foedera
941 425 1078 492 duorum
1097 439 1131 490 50

66 512 282 598 populorum,
308 511 443 597 iudices,
471 513 584 598 doceo,
610 517 649 580 ut
671 513 953 579 Tauromenitanis
977 516 1079 579 nomi·

66 600 176 666 natinr
195 605 326 666 cautum
345 605 379 666 et
396 606 565 688 exceptum
584 603 628 667 sit
644 601 782 686 foedere,
804 623 845 667 ne
863 623 979 668 navem
996 603 1078 668 dare

40 689 225 772 adebeant,
256 687 460 755 Mamertinis
489 691 524 756 in
549 691 622 775 ipso
649 690 778 756 foedere
805 693 953 756 sanctum
980 694 1078 774 atque

66 777 309 862 praescriptum
337 778 395 862 sit,
423 783 461 844 ut
486 800 604 844 navem
632 779 708 844 dare
734 799 865 844 necesse
892 779 949 863 sit,
977 779 1078 844 istum

68 869 181 931 autem
209 869 323 931 contra
346 864 460 932 foedus
484 871 517 932 et
540 866 822 932 Tauromenitanis
844 868 1022 953 imperasse
1044 871 1078 933 et

66 952 276 1019 Mamertinis
302 954 479 1039 remisisse,
505 955 663 1039 numquid
688 954 823 1021 dubium
849 956 972 1040 poterit
998 977 1078 1040 esse,

68 1043 151 1128 quin
171 1038 274 1106 Verre
306 1046 456 1127 praetore
487 1045 562 1128 plus
591 1042 794 1108 Mamertinis
827 1044 948 1128 cybaea
979 1065 1077 1128 quam

27 1149 55 1189 1⁰
67 1129 355 1197 Tauromenitanis
390 1130 504 1198 foedus
540 1131 738 1218 opitulatum
769 1130 835 1196 sit?
887 1131 1078 1198 Recitantur

66 1217 210 1284 foedera.
250 1217 319 1284 Isto
342 1218 444 1304 igitur
466 1224 534 1304 tuo,
557 1241 652 1304 quem
676 1220 717 1285 ad
739 1219 871 1285 modum
892 1221 963 1304 ipse
985 1216 1130 1304 praeto

67 1308 173 1390 Meas,
197 1305 367 1391 beneficio,
389 1311 427 1372 ut
449 1329 501 1372 res
522 1309 659 1392 indicat,
680 1307 787 1394 pretio
811 1311 908 1392 atque
931 1309 1076 1374 mercede

67 1395 219 1460 minuisti
237 1395 442 1461 maiestatem
461 1396 685 1482 reipublicae,
707 1395 855 1460 minuisti
878 1396 999 1462 auxilia
1021 1419 1076 1481 po

66 1484 141 1570 puli
171 1483 325 1567 Romani,
360 1483 508 1549 minuisti
543 1485 653 1570 copias
690 1484 851 1550 maiorum
883 1485 1007 1550 virtute
1039 1507 1077 1551 ae

31 1591 54 1632 u
68 1572 232 1658 sapientie
253 1576 472 1658 comparatas,
495 1573 658 1638 sustulisti
679 1573 731 1638 ius
753 1573 895 1658 imperii,
917 1572 1076 1639 condicio·

66 1683 144 1726 nem
173 1660 348 1744 sociorum,
380 1661 570 1728 memoriam
595 1660 744 1727 foederis.
791 1659 853 1737 Qui
881 1683 920 1726 er
946 1661 1076 1727 foedere

66 1750 142 1834 ipso
164 1770 281 1814 navem
303 1749 356 1814 vel
378 1771 481 1833 usque
504 1749 544 1814 ad
565 1747 742 1833 Oceanum,
766 1750 794 1813 si
815 1750 1076 1834 imperassemus,

68 1841 203 1922 sumptu
221 1837 429 1922 periculoque
448 1859 506 1903 suo
525 1841 686 1902 armatam
709 1840 806 1921 atque
830 1840 979 1902 ornatam
1002 1837 1075 1902 mit-

67 1928 141 1992 terd
157 1924 345 2009 debuerunt,
368 1926 395 1990 ei
415 1947 456 1990 ne
473 1926 508 1990 in
525 1925 611 1990 freto
630 1927 705 1990 ante
724 1946 783 1990 sua
801 1928 889 1990 tecta
908 1929 941 1989 et
957 1924 1075 1990 'domos

31 2031 54 2071 ²⁰
67 2014 278 2100 navigarent,
312 2035 354 2078 ne
386 2034 446 2078 sua
480 2014 609 2078 moenia
644 2017 822 2098 portusque
859 2012 1075 2096 defenderent,

66 2101 176 2187 pretio
195 2103 254 2166 abs
272 2105 306 2166 te
323 2100 375 2166 ius
394 2101 534 2167 foederis
557 2105 590 2167 et
612 2101 742 2187 imperii
764 2101 983 2167 condicionem
1006 2100 1074 2166 red·

68 2193 226 2254 emerunt.
271 2187 354 2265 Quid
381 2189 519 2255 censetis
545 2190 580 2254 in
606 2190 669 2255 hoc
695 2189 824 2256 foedere
850 2189 998 2256 faciendo
1021 2210 1074 2254 vo·
1093 2202 1126 2251 51

68 2278 171 2342 luisse
189 2276 401 2342 Mamertinos
420 2276 593 2363 inpendere
610 2278 744 2362 laboris,
762 2297 889 2363 operae,
911 2277 1075 2363 pecuniae,

67 2388 109 2431 ne
125 2364 206 2430 haec
224 2365 357 2431 biremis
376 2365 622 2450 adscriberetur,
641 2367 669 2430 si
687 2367 721 2431 id
738 2367 807 2431 ullo
825 2366 921 2430 modo
939 2369 1076 2450 possent

32 2471 89 2518 ssa
106 2453 231 2518 nostris
250 2454 427 2520 maioribus
445 2453 643 2538 impetrare?
678 2453 764 2520 Nam
783 2474 855 2519 cum
873 2453 936 2518 hoc
957 2475 1075 2518 munus

68 2542 286 2628 inponebatur
321 2546 391 2607 tam
428 2563 527 2628 grave
548 2541 698 2626 civitati,
732 2541 839 2606 inerat
870 2540 978 2606 nescio
1010 2561 1074 2624 quo

68 2630 165 2695 modo
193 2629 314 2696 inille
341 2630 469 2695 foedere
497 2629 662 2696 societatis
690 2629 784 2713 quasi
811 2628 968 2713 quaedam
995 2632 1075 2693 nota

70 2718 246 2783 servitutis.
287 2717 380 2795 Quod
406 2722 477 2784 tum
503 2718 686 2783 recentibus
715 2718 781 2783 suis
807 2716 921 2782 officiis
944 2717 1075 2802 integra

68 2827 104 2872 re
134 2805 236 2871 nullis
267 2807 381 2892 populi
408 2806 546 2872 Romani
574 2805 821 2871 difficultatibus
850 2828 870 2870 a
896 2804 1074 2870 maioribus

32 2894 192 2960 sonostris
213 2893 341 2960 foedere
365 2895 498 2979 adsequi
519 2915 586 2959 non
608 2897 798 2980 potuerunt,
820 2892 854 2958 id
876 2914 961 2959 nunc
981 2893 1074 2960 nullo

70 2984 181 3064 [novo]
211 2981 317 3048 officio
345 3003 404 3049 suo
431 2985 483 3048 tot
510 2981 603 3047 annis
628 2986 710 3068 post.
726 2984 796 3047 iure
818 2981 947 3067 imperii
968 2981 1075 3046 nostri

69 3070 244 3156 quotannis
272 3075 463 3156 usurpatum
491 3091 528 3136 ac
555 3091 683 3157 semper
704 3073 867 3136 retentum
891 3089 1018 3134 summa
1039 3069 1075 3134 in

69 3158 261 3226 difficultate
278 3160 410 3225 navium
430 3182 450 3224 a
467 3157 501 3224 O.
514 3159 618 3226 Verre
636 3159 742 3245 pretio
762 3158 906 3224 adsecuti
928 3161 1013 3241 sunt,
1036 3179 1074 3224 ac

69 3267 134 3313 non
161 3247 223 3313 hoc
250 3247 355 3313 solum
383 3247 540 3331 adsecuti,
571 3269 612 3313 ne
638 3269 754 3313 navem
782 3246 910 3330 darent3
940 3267 1074 3330 ecquem

32 3351 56 3393 ⁸⁵
69 3340 215 3418 nautam,
248 3357 379 3422 ecquem
411 3335 563 3422 militem,
595 3336 650 3421 qui
680 3340 737 3403 aut
763 3336 799 3401 in
824 3335 928 3400 classe
955 3338 1013 3400 aut
1039 3335 1074 3400 in

69 3423 352 3578 prplesidip?esset,
379 3428 413 3491 te
435 3428 585 3510 praetore
608 3447 667 3511 per
689 3424 864 3492 triennium
886 3421 1073 3490 Mamertini

90 3535 106 3577 e
129 3533 209 3578 erun
