2386 3938
165 185 209 249 84
355 182 426 238 PRO
445 183 476 250 Q.
495 181 625 238 ROSCIO
645 180 820 237 COMOEDO
839 179 979 236 ORATIO.

164 328 481 484 iiiisreiiiidiii
503 327 630 481 ltili
651 326 872 480 ,puppe
888 327 1083 480 attii
1098 349 1176 482 ll

165 527 235 572 cem
263 509 430 592 acceptum
458 508 491 570 et
518 525 693 589 expensum
719 465 835 569 'referri
859 503 981 569 debuit.
1022 503 1177 590 Amplius

166 598 242 659 sunt
269 614 324 660 sex
352 614 487 658 menses.
532 591 598 658 Our
625 595 694 657 tem
722 591 777 657 diu
803 592 888 657 iacet
915 591 977 658 hoc
999 595 1177 658 nomenin

166 681 381 748 adversariis?
422 679 506 756 Quid
531 681 559 746 si
582 681 714 746 tandem
737 680 877 766 emplius
900 680 1085 752 triennium
1111 682 1178 747 cst?

166 792 229 854 quo
256 770 364 852 modo,
392 791 464 835 cum
489 791 613 852 omnes,
641 769 697 853 qui
719 769 850 834 tabulas
874 769 1065 854 conficiant,
1096 793 1178 836 men·

165 860 274 924 struae
302 879 403 942 paene
429 857 573 923 rationes
599 858 634 922 in
655 857 788 922 tabulas
811 857 1027 942 transferant,
1054 861 1098 924 tu
1121 860 1177 924 hoc

164 967 283 1011 nomen
296 945 472 1012 triennium
487 945 626 1030 amplius
640 945 675 1010 in
691 945 885 1011 adversariis
903 945 1010 1011 iacere
1029 948 1177 1032 pateris?

130 1032 284 1100 eUtrum
312 1039 419 1100 cetera
444 1036 578 1100 nomina
602 1034 638 1099 in
665 1034 807 1100 codicem
835 1033 959 1119 accepti
985 1039 1021 1100 et
1044 1037 1177 1121 expensi

166 1123 294 1210 digesta
320 1123 422 1189 hebes
439 1145 493 1205 ‚an
518 1122 606 1189 non?
652 1119 687 1186 si
713 1144 793 1208 non,
826 1143 889 1208 quo
917 1123 1015 1187 modo
1044 1123 1176 1190 tabulas

165 1212 319 1279 conficis?
345 1213 374 1277 si
397 1212 505 1297 etiam,
528 1231 625 1296 quem
648 1210 691 1276 ob
713 1231 792 1294 rem,
814 1232 888 1276 cum
911 1214 1020 1276 cetera
1042 1214 1177 1278 nomine

164 1299 200 1365 in
232 1300 376 1366 ordinem
408 1299 584 1384 referebas,
616 1299 678 1364 hoc
708 1319 827 1365 nomen
854 1299 996 1364 triennio
1026 1303 1177 1388 amplius,

167 1389 253 1472 quod
271 1389 394 1454 eratin
416 1388 530 1472 primis
554 1408 718 1474 magnum,
740 1388 775 1452 in
798 1387 992 1452 adversariis
1016 1389 1177 1476 relinque-

165 1476 247 1542 bas?
288 1475 432 1541 Nolebas
460 1475 536 1541 sciri
559 1476 674 1541 debere
696 1475 759 1540 tibi
780 1475 947 1560 Roscium,
977 1498 1036 1542 cur
1059 1479 1176 1544 scribe

165 1562 247 1628 bes?
291 1563 440 1649 Rogatus
468 1585 554 1649 eres,
584 1586 626 1629 ne
652 1564 803 1649 referres,
832 1586 888 1630 eur
915 1564 951 1629 in
979 1565 1176 1633 adversariis

166 1651 325 1737 scriptum
347 1650 514 1717 habebas?

231 1739 295 1805 Sed
312 1740 392 1807 hoec
415 1763 611 1826 quamquam
633 1742 728 1807 firma
751 1761 821 1806 esee
844 1741 947 1825 video,
970 1746 1087 1808 tamen
1110 1746 1176 1830 ipse

164 1828 246 1895 mihi
273 1830 354 1896 satis
378 1829 484 1895 faeere
506 1851 573 1895 non
595 1851 742 1915 possum,
769 1830 833 1894 nisi
856 1852 876 1895 a
899 1828 933 1896 O.
952 1829 1082 1897 Fannio
1107 1833 1177 1918 ipso

164 1918 388 1985 testimonium
406 1940 508 2003 sumo,
526 1919 610 1984 hanc
627 1918 796 2005 pecuniam
816 1918 845 1983 ei
862 1939 929 1984 non
952 1919 1073 1984 deberi.
1112 1920 1178 1986 Ma-

165 2027 265 2092 gnum
294 2011 356 2091 est,
388 2007 473 2091 quod
501 2029 611 2090 eonor,
639 2005 770 2072 difficile
798 2010 861 2090 est,
889 2007 976 2091 quod
1002 2008 1177 2094 polliceor,

124 2143 147 2205 4
164 2094 228 2158 nisi
242 2094 378 2159 eundem
392 2097 425 2160 et
439 2093 660 2160 adversarium
674 2098 707 2159 et
721 2098 838 2159 testem
856 2094 1008 2160 habuerit
1026 2095 1177 2180 Roscius,

113 2219 146 2268 10
164 2181 240 2244 nolo
259 2181 376 2246 vincat.
417 2181 556 2247 Pecunia
573 2183 635 2247 tibi
657 2183 835 2248 debebatur
858 2187 959 2266 certa,
983 2205 1066 2268 quae
1090 2207 1177 2251 nunc

164 2268 287 2355 petitur
313 2289 371 2353 per
397 2269 548 2355 iudicem,
575 2271 610 2336 in
635 2292 699 2356 qua
720 2271 888 2357 legitimae
910 2272 1016 2357 partis
1040 2275 1176 2358 sponsio

164 2356 252 2422 faeta
271 2361 328 2425 eet.
364 2355 428 2423 Hic
445 2361 483 2424 tu
501 2360 529 2424 si
548 2359 687 2444 amplius
706 2357 762 2424 HS
780 2381 913 2424 nummo
932 2360 1056 2446 petisti,
1076 2384 1176 2447 quam

164 2445 226 2509 tibi
252 2445 398 2511 debitum
425 2450 489 2531 est,
521 2469 651 2513 causam
678 2447 860 2532 perdidisti,
889 2452 1064 2535 propterea
1088 2451 1177 2536 quod

165 2531 254 2600 eliud
273 2537 322 2599 est
344 2535 507 2620 iudicium,
530 2536 619 2601 aliud
641 2540 691 2602 est
714 2536 894 2602 arbitrium.
938 2536 1103 2604 Iudicium
1126 2544 1177 2604 est

164 2622 318 2710 pecuniae
346 2627 465 2709 certae,
493 2624 665 2690 arbitrium
687 2625 842 2709 incertae3
871 2625 912 2690 ad
933 2625 1089 2691 iudicium
1115 2627 1177 2692 hoe

164 2711 260 2777 modo
278 2711 450 2796 -venimus,
481 2715 519 2778 ut
545 2715 650 2778 totam
677 2713 770 2778 litem
798 2717 855 2778 aut
882 2713 1089 2780 obtineamus
1120 2721 1178 2780 aut

165 2800 368 2885 emittamus,
393 2801 433 2866 ad
452 2801 623 2866 arbitrium
641 2801 703 2867 hoc
722 2802 829 2866 animo
851 2801 987 2886 adimus,
1009 2806 1048 2868 ut
1067 2825 1177 2889 neque

162 2889 247 2954 nihil
277 2911 381 2975 neque
413 2893 553 2974 tantum,
588 2893 745 2975 quantum
776 2890 1030 2976 postulavimus,
1064 2913 1177 2958 conse·

113 2996 145 3045 11
165 2999 309 3061 quamur.
350 2977 392 3043 Ei
409 2977 457 3043 rei
478 2977 551 3063 ipsa
570 2978 671 3044 verba
692 2977 851 3044 formulae
874 2979 1063 3044 testimonio
1087 2984 1176 3046 sunt.

165 3063 249 3138 Quid
267 3069 318 3130 est
340 3067 375 3131 in
397 3065 536 3131 iudicio?
567 3066 756 3151 Derectum,
779 3088 941 3151 asperum,
966 3068 1120 3152 simplex:
1145 3086 1178 3135 ει

164 3167 278 3216 ranan
301 3151 357 3218 HS
384 3172 461 3222 rooo
485 3171 572 3219 naar
594 3191 646 3219 -.
687 3155 749 3220 Hic
770 3154 835 3220 nisi
857 3156 992 3241 planum
1015 3157 1095 3223 facit
1119 3155 1177 3221 HS

164 3256 242 3305 1000
275 3240 316 3304 ad
347 3241 490 3308 libellam
524 3242 586 3307 sibi
615 3241 737 3326 deberi,
769 3264 899 3309 causam
926 3244 1044 3330 perdit.
1089 3244 1177 3320 Quid

165 3326 268 3391 estin
290 3328 449 3394 arbitrio?
480 3329 569 3415 Mite,
592 3331 807 3396 moderatum:
831 3349 999 3410 overrun
1022 3349 1176 3412 Aneonis

164 3430 208 3477 nr
236 3431 365 3479 namus
393 3433 448 3480 cnr
476 3435 572 3482 nrm.
617 3419 678 3484 Ille
705 3423 817 3484 temen
844 3420 1018 3486 confitetur
1040 3422 1115 3507 plus
1139 3443 1176 3486 se

165 3503 288 3587 petere,
323 3523 421 3585 quam
453 3503 619 3591 debeatur,
654 3505 710 3572 sed
744 3507 824 3574 setis
860 3529 1020 3594 superque
1052 3509 1175 3574 habere
