2392 3944
168 209 235 276 234
473 209 879 264 muvmfflcuu

169 353 319 419 consules
336 353 462 420 faciunt
479 355 677 419 mentionem
694 355 824 439 placere
841 354 952 437 statui,
973 355 1003 418 si
1021 354 1155 439 patribus

169 441 1157 615 uffiuhitffismhhhuhuu

763 579 773 612 Ἰ

169 623 203 683 et
225 619 321 683 istius
343 617 570 683 crudelitatem
593 624 627 683 et
648 619 856 702 iniquitatem
878 621 1028 684 senatum
1048 618 1158 683 docent.

169 706 294 772 Aderat
319 706 355 770 in
381 712 497 771 senatu
515 705 636 771 Verres
662 711 757 792 pater
783 707 881 770 istius
907 712 942 771 et
967 705 1047 771 flens
1071 723 1178 770 nnum⁵

168 814 327 878 quemque
359 799 546 860 senatorum
577 795 731 880 rogabat,
761 799 801 859 ut
829 795 901 859 filio
933 815 992 859 suo
1018 799 1158 879 parceret,

168 902 272 965 neque
298 885 409 946 tumen
436 884 577 948 multum
602 883 807 967 proficiebat3
836 887 909 946 erat
935 883 1022 947 enim
1048 904 1160 947 summe

168 969 321 1034 voluntas
343 973 484 1035 senatus.
528 971 646 1055 Itaque
667 971 848 1036 sentcntiae
870 970 1074 1036 dicebantur:
1094 969 1159 1035 Cuu

168 1054 341 1124 Srucmus
369 1075 457 1124 usus
485 1075 619 1124 msnss
645 1075 779 1124 ruerus
800 1075 918 1141 esser,
946 1077 995 1124 ur
1016 1075 1158 1124 nassum

168 1163 332 1213 lumcmu
349 1163 445 1212 rium
461 1163 607 1213 mauu
624 1164 793 1230 runem,
814 1164 870 1230 nr,
892 1164 925 1212 si
947 1165 1045 1224 Quor>
1067 1163 1159 1212 essm
1170 1159 1184 1200 κ

117 1245 150 1297 as
169 1251 317 1318 simun,
335 1251 374 1300 m
391 1251 513 1300 rursu
529 1251 613 1301 usse
631 1253 706 1301 sos
724 1251 895 1300 runcum.
929 1233 981 1299 Eo
999 1235 1158 1300 dietrice

167 1322 215 1409 igi
245 1323 329 1388 nihil
358 1323 481 1406 potuit,
512 1323 600 1407 quod
630 1327 664 1387 ct
694 1323 729 1387 id
758 1323 917 1406 temporis
950 1323 1159 1402 matutine,

167 1415 263 1496 peter
288 1411 398 1494 istius,
424 1411 593 1476 invenerat
618 1411 781 1493 homines,
808 1412 863 1495 qui
889 1411 1025 1477 dicendo
1048 1417 1159 1496 tempus

168 1503 403 1564 consumerent.
447 1498 566 1564 Postea
597 1521 694 1564 senex
716 1498 835 1564 Verres
863 1499 1051 1566 defensores
1077 1505 1159 1583 atque

166 1586 316 1671 hospites
335 1607 446 1652 omnes
464 1584 581 1651 Stheni
597 1587 758 1670 convenit,
780 1592 879 1673 roget
896 1609 953 1653 cos
971 1592 1071 1674 etque
1091 1591 1183 1668 oratu

164 1675 756 1829 {subthtttbffiut
778 1672 916 1848 {itti
937 1676 1159 1848 tzitbhh

747 1814 756 1847 2

168 1873 262 1916 suum
289 1853 473 1936 noceretur3
500 1871 534 1916 se
559 1851 706 1916 homines
729 1853 836 1917 certos
859 1852 928 1917 cius
951 1852 1000 1917 rei
1022 1851 1159 1918 causain

168 1937 313 2005 Siciliam
345 1944 379 2005 et
409 1944 498 2005 terra
529 1943 562 2004 et
588 1939 672 2004 mari
698 1961 768 2004 esse
796 1940 983 2006 missurum.
1032 1939 1077 2005 m
1101 1941 1159 2004 eret

168 2028 311 2110 spatium
338 2027 461 2092 dierum
487 2027 555 2092 fere
581 2043 654 2092 xxx
680 2032 757 2092 ante
780 2026 947 2093 Kalendas
969 2027 1182 2106 Decembres,¹

167 2133 231 2198 quo
258 2115 310 2180 die
336 2115 400 2180 iste
428 2119 466 2180 ut
493 2113 661 2200 Syracusis
683 2113 837 2180 Sthenius
865 2115 994 2181 adesset
1022 2117 1159 2182 edixerat.
1185 2191 1186 2197 ἵ

115 2199 420 2269 ”commoventur
451 2203 547 2270 amici
575 2201 704 2288 Stheni,
736 2208 869 2288 sperant
897 2204 969 2269 fore
992 2209 1038 2269 ut
1069 2203 1159 2290 patris

167 2289 288 2355 litteris
314 2292 501 2376 nuntiisque
526 2291 613 2358 filius
637 2293 678 2357 eb
701 2292 761 2357 illo
783 2291 892 2358 furore
915 2297 1093 2358 revosetur.
1127 2288 1158 2354 In
1184 2357 1185 2362 ,

166 2383 282 2443 senatu
308 2383 425 2464 posteo
451 2387 550 2445 causa
574 2400 641 2444 non
668 2380 786 2465 agitur.
831 2379 979 2444 Veniunt
1005 2381 1158 2445 edietum
1184 2445 1185 2451 χ

167 2463 337 2531 domestici
373 2467 480 2532 nuntii
515 2467 707 2552 litterasque
739 2489 759 2532 a
789 2472 883 2552 petre
919 2469 1061 2533 afferunt
1094 2469 1183 2531 aneu

166 2549 332 2618 Kalendas
346 2553 552 2638 Decembres,
570 2577 644 2620 cum
657 2555 714 2620 isti
728 2555 827 2620 etiam
841 2560 912 2620 tum
930 2557 971 2621 de
984 2553 1115 2622 Sthenio
1130 2554 1158 2616 iu
1183 2619 1184 2624 ,

165 2639 294 2746 integro
309 2645 447 2707 tuberes
461 2647 556 2726 esset,
575 2643 748 2727 eodemque
763 2643 820 2724 [ei]
837 2647 985 2728 tempore
1003 2644 1042 2710 de
1061 2643 1158 2709 cadem
1183 2637 1184 2650 ¹

166 2749 200 2793 re
228 2730 358 2794 litterae
385 2731 567 2815 complures
595 2753 615 2796 e
641 2731 754 2796 multis
777 2731 846 2796 eius
869 2731 983 2796 amicis
1006 2755 1046 2798 ac
1066 2749 1157 2797 ncces·

112 2817 261 2884 toseriis
281 2817 479 2883 adferuntur.
513 2817 577 2884 Hic
594 2819 667 2902 iste,
690 2819 746 2903 qui
766 2839 845 2903 pree
867 2820 1156 2904 cupiditatemque

166 2903 265 2974 officii
283 2906 334 2971 sui
351 2927 453 2991 neque
472 2907 607 2990 periculi
625 2927 728 2992 neque
746 2907 879 2992 pietatis
897 2929 1003 2992 neque
1025 2905 1157 2973 humeni-

166 2993 246 3057 tatis
269 2994 430 3060 rationem
454 2994 622 3060 habuisset
644 3017 808 3080 umquam,
830 3016 933 3080 neque
956 2996 992 3060 in
1015 3017 1063 3081 eo,
1085 2991 1157 3079 quod

166 3081 371 3165 monebatur,
404 3082 633 3148 auctoritatem
664 3083 769 3167 petris
800 3104 904 3168 neque
935 3084 971 3149 in
1000 3105 1054 3168 eo,
1085 3079 1182 3167 quod

164 3167 358 3252 rogabatur,
382 3171 586 3236 voluntatem
610 3171 869 3256 anteponendum
890 3173 1022 3257 putavit
1044 3170 1156 3238 hbudum
1181 3135 1182 3209 i

165 3273 255 3339 sues,
278 3275 372 3321 mene
390 3257 545 3323 Kalendis
568 3255 815 3342 Decembribus,
837 3265 875 3325 ut
898 3259 1055 3344 edixerat,
1077 3257 1156 3323 Sthe
1180 3327 1181 3330 ,

112 3353 146 3404 ss
164 3339 253 3404 nium
281 3341 375 3406 citeri
400 3345 499 3409 iubet.
544 3343 580 3409 Si
603 3347 661 3412 abs
683 3351 718 3411 te
740 3348 840 3414 istam
862 3369 931 3413 rem
953 3369 1072 3432 percus
1092 3335 1181 3463 wsb

165 3421 299 3489 alicuius
330 3428 426 3492 amici
453 3437 571 3515 rogatu
598 3433 800 3519 benignitate
828 3439 885 3501 aut
913 3436 1089 3501 ambitione
1113 3431 1155 3496 ud·

164 3505 278 3572 ductus
305 3512 454 3596 petisset,
483 3519 678 3598 gravissima
704 3526 816 3587 tamen
843 3523 929 3608 apud
956 3528 990 3588 te
1017 3525 1154 3589 voluntas
