2392 3944
153 163 219 228 232
457 163 497 218 nl
516 163 544 220 c.
558 162 714 218 VERREM
730 162 808 218 AOT.
828 163 863 218 H.

152 328 218 373 nox
245 307 488 392 intercesserat,
515 329 588 374 oum
609 307 674 372 iste
696 306 900 374 Dorotheum
922 308 969 374 sic
991 307 1139 394 diligebat,

152 399 191 460 ut
208 395 330 461 diceres
349 396 460 461 omnia
476 396 562 460 inter
579 416 636 460 eos
655 416 726 461 esse
743 395 936 479 communia,
955 395 1141 481 Agathinum

153 483 202 549 ita
221 485 416 550 observabat
434 487 472 549 ut
490 483 632 567 aliquem
650 483 788 548 adfinem
806 487 906 567 atque
928 483 1142 568 propinquum,

154 576 360 638 contemnere
373 572 473 637 etiam
487 571 617 658 signum
630 571 713 636 illud
727 570 880 636 Himerae
895 571 962 636 iam
981 571 1144 654 videbatur,

155 660 241 743 quod
259 681 332 725 eum
354 661 460 725 multo
484 660 589 746 magis
611 660 719 745 figura
740 663 773 724 et
795 659 987 726 liniamenta
1009 659 1167 744 hospitas

99 718 143 847 ἒξ
155 747 369 814 delectabant
417 746 533 832 Itaque
562 747 689 814 hortari
715 747 863 813 homines
890 747 1012 832 coepit,
1038 751 1074 812 ut
1099 748 1146 812 ali-

155 835 231 919 quid
245 832 379 901 Sthenio
394 835 531 920 periculi
544 839 692 901 crearent
706 833 914 920 criminisque
928 836 1146 921 confingerent.

153 921 314 990 Dicebant
345 945 380 989 se
409 924 460 988 illi
487 923 569 990 nihil
596 923 730 1006 habere,
762 923 849 1007 quod
876 923 1029 989 dicerent.
1076 923 1147 986 Tum
1177 965 1178 986 ι

153 1011 216 1076 iste
232 1011 273 1076 iis
288 1015 399 1097 aperte
413 1011 556 1078 ostendit
574 1015 608 1076 et
625 1010 828 1077 confirmavit
847 1032 913 1096 eos,
930 1010 966 1076 in
980 1008 1147 1092 Sthenium,

154 1099 306 1186 quioquid
330 1101 466 1185 vellent,
493 1100 710 1183 simulatque
733 1097 831 1164 adse
854 1099 1061 1184 detulissent,
1085 1115 1178 1183 prou

153 1187 298 1255 baturos.
334 1188 448 1274 Itaque
466 1188 600 1253 illinon
621 1187 872 1272 procrastinant,
896 1185 1068 1254 Sthenium
1091 1192 1147 1252 sta

153 1275 213 1342 tim
243 1276 395 1361 educunt,
422 1275 513 1342 aiunt
541 1276 581 1340 ab
609 1296 646 1341 co
674 1274 800 1340 litteras
826 1275 975 1359 publicas
999 1297 1069 1340 esse
1090 1297 1147 1342 cor·

152 1367 277 1448 ruptas.
323 1363 475 1430 Sthenius
502 1363 662 1449 postulat,
687 1366 738 1445 ut,
765 1384 838 1428 oum
865 1384 975 1428 secum
1001 1363 1052 1430 sui
1073 1363 1147 1428 eires

153 1455 255 1534 agent
273 1451 312 1516 de
330 1451 450 1516 litteris
468 1452 609 1535 publicis
626 1450 787 1534 corruptis
806 1450 940 1534 eiusque
961 1451 1009 1517 rei
1031 1451 1147 1537 legibus
1178 1477 1179 1538 ι

153 1535 437 1604 Thermitanorum
466 1539 550 1605 actio
578 1539 623 1606 sit
649 1541 843 1622 senatusque
872 1543 906 1603 et
932 1540 1073 1624 populns
1094 1539 1179 1614 Rau

152 1646 268 1692 manus
291 1626 525 1710 Thermitanis,
552 1627 638 1712 quod
661 1648 787 1710 semper
808 1626 845 1692 iu
866 1627 1013 1694 amicitia
1033 1627 1147 1710 fideque
1178 1629 1179 1634 ’

151 1714 362 1801 mansissent,
392 1716 519 1800 urbem,
551 1737 648 1801 agros
681 1716 833 1801 legesque
861 1736 937 1780 suas
965 1714 1147 1780 reddidisset

151 1800 352 1889 Publiusque
382 1803 532 1888 Rupilius
563 1807 679 1888 postea
705 1803 794 1889 leges
821 1803 870 1868 ita
898 1801 1018 1868 Siculis
1045 1823 1147 1868 exse

151 1894 248 1957 natus
272 1893 421 1958 consulto
445 1889 527 1957 dex
550 1891 734 1976 legatorum
757 1891 920 1958 sententia
942 1891 1097 1974 dedisset,
1117 1893 1148 1954 ut

152 1977 238 2044 cives
274 1980 361 2044 inter
395 2001 431 2045 se
467 1978 595 2063 legibus
630 1979 698 2044 suis
730 1983 878 2064 egerent,
914 1979 1064 2064 idemque
1093 1979 1177 2042 hoco

151 2065 287 2130 haberet
313 2065 433 2130 Verres
463 2065 533 2148 ipse
565 2064 600 2128 in
632 2067 750 2134 edictos
781 2069 818 2132 ut
850 2066 891 2132 de
920 2067 973 2132 his
1006 2067 1147 2134 omnibus

96 2165 130 2214 al
151 2152 257 2216 carreis
271 2174 306 2216 se
325 2151 365 2216 ad
383 2153 472 2236 leges
491 2152 635 2217 reiceret.
667 2152 735 2220 Iste
753 2155 850 2222 homo
870 2155 1016 2220 omnium
1035 2155 1148 2240 aequis·

151 2238 251 2303 simus
270 2243 368 2322 atque
391 2261 411 2303 a
433 2238 610 2324 cupiditate
632 2241 869 2308 remotissimus
893 2264 928 2308 se
950 2244 1146 2328 cogniturum

151 2346 221 2390 esse
248 2327 432 2412 eonfirmat;
459 2331 611 2410 paratum
639 2329 681 2394 ed
703 2351 832 2396 causam
859 2330 1028 2398 dicendam
1049 2330 1147 2406 ,venire

150 2413 232 2478 hora
249 2436 336 2480 nona
353 2415 453 2482 iubet.
493 2415 569 2482 Non
587 2421 659 2502 erat
677 2418 858 2503 obscurum,
882 2419 959 2503 quid
977 2419 1074 2485 homo
1095 2419 1176 2482 im·²⁵

150 2502 272 2588 probus
300 2525 337 2568 ac
363 2502 507 2570 nefarius
536 2505 710 2591 cogitaret3
735 2527 839 2589 neque
866 2507 953 2574 enim
980 2507 1051 2592 ipse
1076 2505 1145 2571 satis

151 2592 344 2675 occultarat,
373 2613 433 2658 neo
462 2592 579 2658 mulier
604 2597 711 2660 tacere
738 2598 899 2678 potuerat
948 2592 1145 2660 Intellectum

151 2686 201 2745 est
218 2680 252 2744 id
269 2680 370 2746 istum
392 2701 498 2766 agere,
520 2684 567 2764 ut,
588 2703 662 2747 oum
685 2680 854 2748 Sthenium
878 2683 948 2748 sine
969 2684 1040 2748 ullo
1063 2703 1146 2766 argu·

150 2773 261 2835 mento
290 2791 327 2835 ao
355 2768 424 2834 sine
451 2773 536 2834 teste
562 2768 761 2854 damnasset,
786 2774 859 2835 tum
886 2770 986 2838 homo
1012 2770 1145 2836 nefarius

151 2856 190 2922 ds
225 2857 356 2922 homine
390 2857 495 2924 nobili
527 2861 624 2941 atque
655 2859 690 2922 id
721 2859 839 2926 aetatis
872 2879 995 2944 suoque
1027 2858 1176 2942 hospites

149 2945 252 3030 virgis
286 2945 480 3031 supplicium
512 2946 731 3012 crudelissime
763 2950 913 3012 sumeret.
963 2945 1057 3023 Quod
1083 2966 1145 3012 cum

151 3037 237 3096 esset
261 3034 479 3118 perspicuum,
508 3033 546 3098 de
570 3034 746 3101 amicorum
769 3035 1002 3120 hospitumque
1024 3053 1144 3100 suorum

150 3121 312 3185 sententia
339 3121 489 3188 Thermis
516 3119 669 3186 Sthenius
696 3121 834 3194 Romam
865 3122 1027 3210 profugit3
1057 3119 1145 3188 hiemi

148 3204 365 3291 fluctibusque
391 3231 462 3274 sese
484 3209 687 3276 committere
709 3210 826 3276 maluit
849 3233 947 3295 quam
969 3233 1036 3278 non
1057 3211 1144 3276 istam

96 3312 352 3408 38communem
389 3295 570 3363 Siculorum
605 3302 835 3382 tempestatem
871 3299 1173 3381 calamitatemque

95 3421 131 3468 9,
150 3377 278 3440 vitaret.
314 3379 382 3442 Iste
396 3381 494 3446 homo
509 3387 616 3448 certus
635 3388 668 3449 et
686 3386 825 3472 diligens
844 3385 884 3450 ad
902 3387 1018 3452 horam
1036 3405 1143 3452 nonam

149 3464 280 3542 praesto
300 3468 359 3545 est,
382 3463 553 3534 Sthenium
572 3471 666 3536 citari
684 3472 784 3538 iubet.
820 3471 921 3548 Quem
941 3479 1142 3558 posteaquam
