2402 3936
279 131 345 188 affl.
359 132 399 188 111
433 133 511 188 unp.
526 141 631 191 oe-rr
650 141 666 202 s
685 143 832 194 1oa-rer.
996 139 1062 206 337

44 275 150 340 iudici
176 275 292 361 possit.
337 273 401 342 Sed
428 298 489 364 ego
516 278 645 345 habebo
672 280 833 345 rationem
855 284 1061 350 auctoritatis

45 385 152 447 meae,
172 364 360 448 meminero,
378 386 442 448 quo
458 365 565 431 animo
581 371 614 432 et
632 389 696 452 quo
715 369 851 434 oonsilio
871 371 911 436 ad
930 393 1062 437 causam

44 451 219 536 publicam
252 453 455 538 accesserim3
486 476 553 519 non
585 475 681 542 agam
714 460 821 523 tecum
853 460 1061 544 accusatorie,

44 539 131 602 nihil
155 539 296 626 fingam,
320 540 402 606 nihil
427 541 576 625 cuiquam
598 544 732 628 probari
753 545 829 610 volo
852 567 903 611 me
926 547 1061 631 dicente,

21 627 135 712 ⁵quod
165 649 234 694 non
260 632 336 694 ante
364 629 512 696 mihimet
538 631 603 716 ipsi
629 632 803 716 probatum
823 633 897 715 air„
919 634 959 699 In
980 635 1042 701 hac
1063 650 1114 702 165

24 715 189 800 xpecunia
209 716 354 801 publica,
375 717 510 802 iudices,
533 717 613 785 haec
634 719 746 786 insunt
768 721 833 804 tria
856 743 975 808 genera
996 723 1060 788 fur-

45 807 174 887 torum,
203 805 359 889 primum,
386 827 459 872 cum
484 807 594 891 posita
621 811 707 873 esset
733 810 869 894 pecunia
897 811 982 896 apud
1005 833 1059 878 eas

46 892 237 975 societates,
259 892 342 957 unde
361 896 431 959 erat
450 895 619 979 attributa,
641 895 727 960 binis
746 898 930 964 centesimis
952 899 1060 965 faene-

46 984 141 1045 ratus
171 984 236 1063 est,
263 980 375 1045 deinde
402 983 571 1066 permultis
600 983 786 1050 civitatibus
812 1008 872 1070 pro
895 986 1059 1053 frumento

13 1068 130 1133 anihil
162 1067 264 1134 solvit
290 1069 436 1153 omnino,
462 1075 642 1156 postremo,
670 1072 698 1138 si
725 1073 776 1138 cui
803 1073 929 1138 civitati
951 1076 1059 1158 solvit,

46 1160 181 1221 tantum
201 1156 350 1242 detraxit,
369 1162 527 1240 quantum
545 1160 750 1226 commodum
767 1161 839 1245 fuit,
859 1159 951 1245 nulli,
974 1163 1060 1246 quod

48 1244 200 1310 debitum
222 1248 286 1328 est,
308 1245 456 1310 reddidit.

112 1332 168 1398 Ac
196 1332 336 1419 primurn
362 1334 425 1400 hoc
452 1356 491 1398 ex
518 1339 550 1399 te
578 1357 712 1420 quaero,
739 1339 790 1421 tu,
817 1337 869 1402 oui
893 1338 1111 1423 publicanill

48 1443 84 1486 ax
108 1420 285 1504 Carpinati
307 1421 427 1486 litteris
451 1422 575 1508 gratias
598 1427 748 1510 egerunt,
770 1425 907 1511 pecunia
929 1427 1060 1510 publica

18 1525 86 1574 1⁵ex
104 1509 237 1575 aerario
257 1515 400 1596 erogata,
424 1533 462 1575 ex
480 1511 696 1598 vectigalibus
718 1513 833 1598 populi
855 1513 995 1580 Romani
1019 1516 1060 1582 ad

50 1598 224 1664 emendum
250 1597 449 1664 frumentum
472 1600 633 1665 attributa
654 1600 794 1666 fueritne
816 1601 879 1672 tibi
901 1605 1059 1688 quaestui,

49 1685 267 1772 pensitaritne
299 1685 361 1751 tibi
391 1686 486 1752 binas
518 1688 720 1753 centesimas.
770 1687 873 1754 Credo
903 1693 936 1754 te
963 1713 1059 1776 nega·

50 1778 177 1860 turum3
201 1774 306 1861 turpis
326 1775 411 1840 enim
430 1779 481 1840 est
499 1779 533 1840 et
549 1775 733 1861 periculosa
750 1775 919 1842 confessio.
959 1777 1042 1843 Mihi
1062 1785 1113 1836 166

52 1867 163 1930 autem
182 1862 246 1928 hoo
268 1861 463 1947 perarduum
486 1868 537 1928 est
559 1863 791 1929 demonstrare.
827 1862 949 1939 Quibus
973 1866 1060 1931 enim

20 1951 215 2018 cassibus?
247 1950 450 2034 publicanis?
490 1951 636 2017 Tractati
658 1951 834 2016 honorifice
857 1955 947 2036 sunt3
973 1956 1057 2019 tace

51 2039 141 2104 bunt.
174 2038 310 2103 Litteris
325 2038 458 2104 eorum?
490 2037 629 2105 Decreto
647 2040 896 2106 decumanorum
915 2045 1058 2107 remotae
1187 2107 1194 2116 ,

52 2132 136 2192 sunt.
188 2125 260 2201 Quo
287 2148 338 2192 me
365 2126 466 2213 igitur
493 2128 643 2192 vertam?
674 2150 744 2194 rem
771 2132 840 2194 tam
866 2127 1059 2215 improbam,

53 2216 176 2316 crimen
194 2217 307 2316 tantae
326 2214 477 2316 audaciae
496 2218 672 2301 tantaeque
694 2217 902 2318 inpudentiae
924 2222 1059 2371 prother

23 2306 429 2475 ritthffitilhu
447 2304 1061 2478 litaffhtlttlthmh1032}

53 2479 184 2544 homine
222 2479 380 2562 equestris
418 2479 539 2544 ordinis
575 2479 806 2544 honestissimo
838 2485 935 2564 atque
968 2503 1060 2547 orna·

53 2568 196 2651 tissimo,
223 2566 278 2650 qui
300 2567 358 2631 isti
379 2568 428 2632 ita
451 2571 483 2632 et
506 2567 628 2632 amicus
653 2571 686 2632 et
708 2568 908 2634 necessarius
932 2572 990 2652 est,
1013 2573 1059 2653 ut,

55 2655 182 2721 etiamsi
218 2656 270 2719 vir
300 2654 404 2720 bonus
435 2677 502 2720 non
534 2660 634 2738 esset,
668 2660 792 2740 tamen,
829 2655 915 2741 quod
946 2659 1060 2722 contra

54 2743 152 2810 istum
177 2743 311 2826 diceret,
336 2764 436 2828 grave
458 2743 636 2828 videretur,
658 2743 706 2808 ita
728 2745 778 2810 vir
800 2744 904 2809 bonus
928 2747 991 2827 est,
1014 2748 1060 2828 ut,

25 2831 184 2897 ³⁰etiamsi
203 2831 443 2896 inimicissimus
462 2831 519 2896 isti
537 2835 632 2916 esset,
655 2835 766 2898 tamen
785 2833 852 2897 eius
871 2830 1060 2898 testimonio

56 2921 139 2985 credi
162 2922 338 3004 oporteret.

119 3007 311 3074 Admiratur
334 3012 368 3072 et
391 3011 548 3093 expectat,
571 3007 725 3092 quidnam
742 3006 874 3073 Vettius
898 3005 1042 3072 dicturus
1061 3011 1111 3061 16⁷

56 3096 104 3160 sit.
145 3095 240 3162 Nihil
268 3095 353 3160 dicet
379 3118 418 3160 ex
445 3099 605 3180 tempore,
630 3095 714 3160 nihil
739 3117 778 3160 ex
802 3116 860 3160 sua
882 3095 1059 3179 voluntate,

56 3184 146 3268 nihil,
176 3205 249 3250 oum
276 3183 436 3249 utrumvis
464 3183 593 3249 licuisse
620 3183 776 3249 videatur.
817 3180 909 3246 Misit
931 3182 1059 3248 litteras

26 3270 87 3335 ³⁵in
105 3271 252 3338 Siciliam
271 3271 311 3336 ad
330 3269 563 3356 Carpinatium,
586 3292 659 3337 oum
678 3275 763 3337 esset
782 3268 939 3355 magister
962 3271 1060 3357 scrip-

57 3362 145 3425 turae
178 3363 212 3424 et
245 3381 299 3424 sex
328 3358 545 3445 publicorum,
578 3381 658 3444 quas
686 3380 747 3447 ego
775 3356 945 3443 Syracusis
974 3359 1060 3447 apud

58 3443 279 3533 Carpinatium
298 3446 333 3512 in
350 3447 535 3514 litterarum
557 3447 732 3513 allatarum
755 3446 858 3529 libris,
880 3445 1003 3514 Romae
1025 3448 1062 3512 in

104 3559 159 3604 oro.
173 3561 205 3603 rr
220 3563 239 3602 ι.
813 3557 847 3604 aa
