2402 3936
248 161 314 217 LIB.
334 164 375 218 111
407 161 484 218 CAP
504 168 810 230 55-575128-132.
968 166 1032 231 323

40 305 138 370 buisse
161 306 362 374 decumanos.
403 305 479 372 Non
501 306 563 373 hoc
585 329 670 372 nuno
691 308 834 392 primum
857 310 948 375 audit
969 311 1033 395 pri-
1043 317 1085 383 57

40 398 123 458 ratus
151 394 225 458 de
216 395 360 479 mimico,
387 411 461 460 reus
489 395 530 460 ab
559 399 688 461 accusat
690 417 758 480 ore3
785 397 851 462 iam
879 399 1009 464 antea
999 423 1035 464 m

40 482 112 546 sella
124 481 238 548 sedens
250 487 394 568 praetor,
407 505 479 548 cum
493 483 693 568 provinciam
705 481 849 550 Siciliam
864 485 1035 572 optineret,

40 591 103 634 cum
130 571 171 634 ab
200 571 349 636 omnibns
375 592 442 636 non
468 571 587 656 solum,
614 571 648 636 id
675 573 760 656 quod
784 595 952 639 commune
975 578 1035 660 est,
1058 614 1067 628 ·

20 658 203 742 epropter
193 659 379 744 imperium,
412 659 467 724 sed
499 660 612 744 etiam,
643 660 677 724 id
709 661 796 745 quod
821 661 916 728 istius
944 684 1034 747 prae

39 746 159 829 eipuum
181 749 244 831 est,
266 751 401 832 propter
422 747 648 813 crudelitatem
671 753 881 836 metueretur,
905 751 1033 816 miliens

40 834 161 918 audivit,
179 857 252 900 cum
266 835 335 900 eius
349 834 493 901 animum
511 835 553 900 ad
569 838 825 921 persequendum
843 801 909 904 ndn
926 840 1035 926 negle-

40 922 139 1008 gentia
166 923 324 1007 tardaret,
352 923 409 988 sed
436 924 632 990 conscientie
659 926 788 990 sceleris
814 927 1034 1013 avaritiaeque

40 1033 107 1076 suae
132 974 324 1076 refrenaret
359 1010 592 1114 Loquebantur
552 1013 704 1079 urenim
731 1013 899 1079 decumani
922 1017 1034 1100 palam

12 1103 66 1163 ret
87 1104 216 1184 praeter
238 1100 394 1166 eeteros
385 1121 427 1185 rs,
456 1099 512 1184 qui
534 1100 620 1185 apud
642 1101 741 1166 istum
764 1101 942 1186 plurimum
962 1108 1034 1187 pot-

39 1192 99 1253 erat
124 1187 348 1272 maximosque
375 1209 472 1290 agros
499 1189 731 1273 populabatur,
758 1189 936 1291 Apronius,
963 1213 1034 1276 per-

37 1298 165 1360 parvum
192 1298 230 1342 ex
255 1277 322 1342 illis
346 1277 473 1362 magnis
496 1277 595 1342 lucris
618 1277 660 1342 ad
683 1299 717 1342 se
740 1279 921 1363 pervenire,
943 1301 1033 1365 prae-

38 1369 131 1430 torem
158 1386 230 1430 esse
254 1365 386 1431 socium.
430 1363 502 1430 Hoc
524 1386 598 1430 cum
620 1366 730 1450 palam
753 1366 921 1432 decumani
943 1372 1015 1433 tota
1035 1381 1085 1431 131

38 1453 195 1535 provincia
214 1453 422 1538 loquerentur
440 1457 595 1537 tuumque
613 1475 732 1519 nomen
749 1455 784 1519 in
802 1477 837 1520 re
855 1459 924 1520 tam
945 1457 1034 1541 turpi

13 1541 216 1625 tnefariaque
234 1542 486 1626 interponerent,
508 1541 633 1606 nihilne
651 1542 713 1607 tibi
730 1543 848 1607 venit
838 1565 873 1608 m
891 1550 1033 1610 mentem

39 1630 261 1694 existimationi
287 1633 363 1695 tuae
391 1630 570 1713 consulere,
596 1629 678 1695 nihil
707 1630 844 1715 denique
871 1632 972 1716 capiti
996 1655 1033 1698 ac

38 1716 168 1782 lortrmis
199 1719 265 1782 tuis
296 1718 488 1803 providere?
520 1739 592 1782 cum
622 1717 672 1782 tui
697 1718 839 1782 nominis
866 1723 973 1784 terror
998 1720 1033 1784 in

39 1807 160 1872 auribus
179 1806 360 1890 animisque
379 1810 544 1871 aratorum
561 1809 755 1890 versaretur,
774 1828 846 1870 cum
866 1807 1034 1872 decumani

40 1894 213 1960 aratoribus
237 1895 286 1958 ed'
300 1894 465 1980 pactiones
488 1893 652 1959 faciendas
674 1914 740 1958 non
763 1915 855 1959 suam
877 1894 954 1978 vim,
978 1895 1033 1959 sed

14 1985 119 2047 ttunm
145 1983 252 2048 scelus
275 2005 312 2048 ae
334 2004 452 2048 nomen
474 1985 683 2067 opponerent.
723 1980 858 2067 Ecquod
880 1982 1033 2047 iudicium

39 2068 151 2136 ltomae
188 2075 258 2136 tam
289 2070 494 2160 dissolutum,
530 2074 600 2134 tam
631 2070 737 2154 perdit
737 2093 805 2155 nm,
842 2075 912 2136 tam
942 2093 1034 2136 num·

40 2160 167 2224 merium
186 2158 333 2224 foret
274 2148 333 2244 put
335 2163 387 2224 as
387 2182 407 2242 1
431 2179 494 2242 quo
514 2181 551 2222 ex
570 2158 723 2224 iudiciot
708 2162 741 2224 te
764 2122 833 2224 ulla
851 2157 946 2224 Salus
970 2182 1033 2224 ser·

40 2268 104 2312 vare
122 2247 257 2332 posset?
281 2269 354 2312 cum
371 2209 505 2331 planum
525 2247 618 2311 fieret
641 2247 781 2312 decumis
805 2252 919 2314 contra
941 2249 1034 2314 insti-

39 2338 112 2420 tuta,
153 2336 244 2421 leges
280 2335 605 2418 consuetudinemque
642 2335 785 2400 omnium
821 2336 1035 2402 venditisin

14 2428 197 2490 unaarum
211 2423 304 2488 bonis
317 2423 521 2505 fortunisque
536 2422 722 2506 diripiendis
737 2423 929 2488 decumanos
945 2424 1034 2489 dieti·

39 2513 114 2576 tessc
127 2515 205 2586 tuas
219 2532 289 2576 esse
307 2515 426 2596 partes,
444 2514 535 2576 tuam
553 2532 631 2594 rem,
649 2516 739 2575 tuam
757 2510 920 2594 praedam,
938 2511 1042 2593 idque·

39 2600 64 2661 te
86 2599 228 2666 tacuisse
251 2603 296 2683 et,
315 2622 395 2665 cum
421 2599 624 2664 dissimulare
646 2619 711 2663 non
734 2619 861 2683 posses,
888 2597 1035 2684 potuisse

39 2689 138 2752 tamen
164 2688 293 2772 perpeti
315 2691 348 2752 et
370 2687 525 2772 perferre,
554 2687 639 2770 quod
661 2686 852 2772 magnitudo
875 2686 958 2751 lucri
980 2685 1035 2749 ob-

40 2780 174 2842 scuraret
188 2775 324 2878 periculi
336 2776 463 2862 magnit
449 2775 594 2841 tudinem
607 2776 745 2860 plusque
762 2776 929 2859 aliquanto
949 2772 1034 2857 apud

13 2865 65 2926 ³⁰te
85 2865 240 2949 pecuniae
263 2863 422 2949 cupiditas
446 2886 543 2948 quam
566 2863 676 2929 iudicii
698 2867 804 2928 metus
826 2865 946 2948 posset.

95 2953 191 3038 Esto,
220 2956 326 3018 cetera
352 2973 472 3054 negare
498 2974 565 3017 non
587 2954 694 3035 potes3
721 2974 761 3017 ne
783 2951 864 3016 illud
888 2949 1017 3034 quidem
1037 2969 1087 3018 132

39 3041 92 3105 tibi
117 3042 280 3126 reliquum
306 3040 425 3124 fecisti,
455 3044 492 3104 ut
518 3040 580 3105 hoc
607 3061 720 3125 posses
749 3039 865 3120 dicere,
892 3036 1034 3102 nihilte

39 3149 141 3196 eorum
170 3130 312 3214 audisse,
343 3091 426 3194 nihil
458 3129 499 3194 ad
528 3133 602 3193 tuas
630 3149 723 3193 aures
751 3127 790 3190 de
816 3089 951 3190 iniamia
977 3128 1036 3189 tua

12 3181 574 3373 illftltzzielllllllfttt
585 3214 867 3406 {illuserit}
877 3217 1036 3367 ῗὲιιιι

39 3393 93 3458 tibi
110 3400 227 3461 renunt
212 3395 319 3461 tiabat
324 3395 340 3460 ι
377 3393 500 3459 Romae
518 3391 738 3478 querimoniae
759 3391 797 3456 de
820 3390 918 3456 tuis
909 3388 1035 3454 iniuriis

39 3488 270 3570 conventusque
283 3482 503 3567 habebantur3
522 3481 711 3568 [ignorabas
726 3478 841 3562 haect]
860 3477 1036 3566 ignorabas

767 3581 824 3639 21*
