<?xml version="1.0" encoding="UTF-8"?>
<!DOCTYPE html PUBLIC "-//W3C//DTD XHTML 1.0 Transitional//EN"
    "http://www.w3.org/TR/xhtml1/DTD/xhtml1-transitional.dtd">
<html xmlns="http://www.w3.org/1999/xhtml" xml:lang="en" lang="en">
 <head>
  <title>
</title>
<meta http-equiv="Content-Type" content="text/html;charset=utf-8" />
  <meta name='ocr-system' content='tesseract 3.04.00' />
  <meta name='ocr-capabilities' content='ocr_page ocr_carea ocr_par ocr_line ocrx_word'/>
</head>
<body>
  <div class='ocr_page' id='page_1' title='image "./mtulliiciceroni02mlgoog/mtulliiciceroni02mlgoog_0427.png"; bbox 0 0 2438 3934; ppageno 0'>
   <div class='ocr_carea' id='block_1_1' title="bbox 161 181 867 250">
    <p class='ocr_par' dir='ltr' id='par_1_1' title="bbox 161 181 867 250">
     <span class='ocr_line' id='line_1_1' title="bbox 161 181 867 250; baseline -0.016 -1"><span class='ocrx_word' id='word_1_1' title='bbox 161 184 227 250; x_wconf 83' lang='lat'><strong>314</strong></span> <span class='ocrx_word' id='word_1_2' title='bbox 455 183 495 237; x_wconf 85' lang='lat' dir='ltr'><strong>IN</strong></span> <span class='ocrx_word' id='word_1_3' title='bbox 513 183 542 238; x_wconf 84' lang='lat' dir='ltr'><strong>O.</strong></span> <span class='ocrx_word' id='word_1_4' title='bbox 562 181 716 238; x_wconf 76' lang='lat' dir='ltr'><strong>VERREM</strong></span> <span class='ocrx_word' id='word_1_5' title='bbox 734 181 814 239; x_wconf 81' lang='lat' dir='ltr'><strong>AGT.</strong></span> <span class='ocrx_word' id='word_1_6' title='bbox 833 182 867 238; x_wconf 90' lang='lat' dir='ltr'><strong>H.</strong></span> 
     </span>
    </p>
   </div>
   <div class='ocr_carea' id='block_1_2' title="bbox 19 326 1200 3586">
    <p class='ocr_par' dir='ltr' id='par_1_2' title="bbox 161 326 1200 1120">
     <span class='ocr_line' id='line_1_2' title="bbox 161 326 1200 414; baseline 0.003 -21"><span class='ocrx_word' id='word_1_7' title='bbox 161 350 227 394; x_wconf 90' lang='lat' dir='ltr'><strong>non</strong></span> <span class='ocrx_word' id='word_1_8' title='bbox 245 349 339 394; x_wconf 91' lang='lat' dir='ltr'><strong>suum</strong></span> <span class='ocrx_word' id='word_1_9' title='bbox 360 327 528 414; x_wconf 77' lang='lat' dir='ltr'><strong>negotium</strong></span> <span class='ocrx_word' id='word_1_10' title='bbox 552 327 714 414; x_wconf 78' lang='lat' dir='ltr'>gessisse?</span> <span class='ocrx_word' id='word_1_11' title='bbox 754 326 804 392; x_wconf 81' lang='lat' dir='ltr'><strong>Ea</strong></span> <span class='ocrx_word' id='word_1_12' title='bbox 827 330 877 392; x_wconf 90' lang='lat' dir='ltr'><strong>est</strong></span> <span class='ocrx_word' id='word_1_13' title='bbox 900 327 986 392; x_wconf 87' lang='lat' dir='ltr'><strong>enirn</strong></span> <span class='ocrx_word' id='word_1_14' title='bbox 1009 327 1090 392; x_wconf 89' lang='lat' dir='ltr'><strong>ratio</strong></span> <span class='ocrx_word' id='word_1_15' title='bbox 1111 326 1152 390; x_wconf 88' lang='lat' dir='ltr'><strong>de-</strong></span> <span class='ocrx_word' id='word_1_16' title='bbox 1199 381 1200 396; x_wconf 64' lang='grc'>,</span> 
     </span>
     <span class='ocr_line' id='line_1_3' title="bbox 161 414 1200 500; baseline -0.002 -18"><span class='ocrx_word' id='word_1_17' title='bbox 161 439 380 500; x_wconf 76' lang='lat' dir='ltr'><strong>cumanorum,</strong></span> <span class='ocrx_word' id='word_1_18' title='bbox 397 421 435 481; x_wconf 91' lang='lat' dir='ltr'><strong>ut</strong></span> <span class='ocrx_word' id='word_1_19' title='bbox 449 416 517 481; x_wconf 88' lang='lat' dir='ltr'><strong>sine</strong></span> <span class='ocrx_word' id='word_1_20' title='bbox 531 415 682 500; x_wconf 83' lang='lat' dir='ltr'><strong>plurimis</strong></span> <span class='ocrx_word' id='word_1_21' title='bbox 696 415 816 481; x_wconf 88' lang='lat' dir='ltr'><strong>litteris</strong></span> <span class='ocrx_word' id='word_1_22' title='bbox 833 414 947 480; x_wconf 88' lang='lat' dir='ltr'><strong>confici</strong></span> <span class='ocrx_word' id='word_1_23' title='bbox 964 436 1033 480; x_wconf 89' lang='lat' dir='ltr'><strong>non</strong></span> <span class='ocrx_word' id='word_1_24' title='bbox 1050 414 1153 498; x_wconf 65' lang='lat' dir='ltr'><strong>possib</strong></span> <span class='ocrx_word' id='word_1_25' title='bbox 1199 437 1200 480; x_wconf 69' lang='lat' dir='ltr'><strong>l</strong></span> 
     </span>
     <span class='ocr_line' id='line_1_4' title="bbox 162 499 1200 591; baseline -0.003 -22"><span class='ocrx_word' id='word_1_26' title='bbox 162 505 292 591; x_wconf 85' lang='lat' dir='ltr'><strong>singula</strong></span> <span class='ocrx_word' id='word_1_27' title='bbox 321 504 407 570; x_wconf 89' lang='lat' dir='ltr'><strong>enim</strong></span> <span class='ocrx_word' id='word_1_28' title='bbox 433 504 566 570; x_wconf 87' lang='lat' dir='ltr'><strong>nomina</strong></span> <span class='ocrx_word' id='word_1_29' title='bbox 593 507 759 569; x_wconf 86' lang='lat' dir='ltr'><strong>aratorum</strong></span> <span class='ocrx_word' id='word_1_30' title='bbox 783 506 816 568; x_wconf 89' lang='lat' dir='ltr'><strong>et</strong></span> <span class='ocrx_word' id='word_1_31' title='bbox 838 525 911 568; x_wconf 92' lang='lat' dir='ltr'><strong>cum</strong></span> <span class='ocrx_word' id='word_1_32' title='bbox 935 503 1073 590; x_wconf 83' lang='lat' dir='ltr'><strong>singulis</strong></span> <span class='ocrx_word' id='word_1_33' title='bbox 1093 523 1154 588; x_wconf 85' lang='lat' dir='ltr'><strong>pao</strong></span> <span class='ocrx_word' id='word_1_34' title='bbox 1199 499 1200 580; x_wconf 60' lang='lat'>1</span> 
     </span>
     <span class='ocr_line' id='line_1_5' title="bbox 161 591 1154 676; baseline -0.005 -17"><span class='ocrx_word' id='word_1_35' title='bbox 161 593 267 659; x_wconf 72' lang='lat' dir='ltr'><strong>ticum</strong></span> <span class='ocrx_word' id='word_1_36' title='bbox 293 593 542 658; x_wconf 77' lang='lat' dir='ltr'><strong>decumanorum</strong></span> <span class='ocrx_word' id='word_1_37' title='bbox 564 591 684 658; x_wconf 88' lang='lat' dir='ltr'><strong>litteris</strong></span> <span class='ocrx_word' id='word_1_38' title='bbox 707 591 857 676; x_wconf 84' lang='lat' dir='ltr'><strong>persequi</strong></span> <span class='ocrx_word' id='word_1_39' title='bbox 880 595 913 656; x_wconf 94' lang='lat' dir='ltr'><strong>et</strong></span> <span class='ocrx_word' id='word_1_40' title='bbox 935 591 1091 657; x_wconf 86' lang='lat' dir='ltr'><strong>conficere</strong></span> <span class='ocrx_word' id='word_1_41' title='bbox 1110 612 1154 654; x_wconf 92' lang='lat' dir='ltr'><strong>ne·</strong></span> 
     </span>
     <span class='ocr_line' id='line_1_6' title="bbox 162 678 1200 770; baseline -0.006 -23"><span class='ocrx_word' id='word_1_42' title='bbox 162 703 251 747; x_wconf 86' lang='lat' dir='ltr'><strong>cesse</strong></span> <span class='ocrx_word' id='word_1_43' title='bbox 264 684 323 746; x_wconf 88' lang='lat' dir='ltr'><strong>est.</strong></span> <span class='ocrx_word' id='word_1_44' title='bbox 359 680 478 766; x_wconf 86' lang='lat' dir='ltr'><strong>Iugera</strong></span> <span class='ocrx_word' id='word_1_45' title='bbox 489 679 629 764; x_wconf 80' lang='lat' dir='ltr'><strong>professi</strong></span> <span class='ocrx_word' id='word_1_46' title='bbox 643 682 719 744; x_wconf 91' lang='lat' dir='ltr'><strong>sunt</strong></span> <span class='ocrx_word' id='word_1_47' title='bbox 737 700 849 745; x_wconf 90' lang='lat' dir='ltr'><strong>omnes</strong></span> <span class='ocrx_word' id='word_1_48' title='bbox 868 683 1016 745; x_wconf 86' lang='lat' dir='ltr'><strong>aratores</strong></span> <span class='ocrx_word' id='word_1_49' title='bbox 1033 678 1173 762; x_wconf 71' lang='lat' dir='ltr'><strong>imperius</strong></span> <span class='ocrx_word' id='word_1_50' title='bbox 1194 705 1200 770; x_wconf 45' lang='lat' dir='ltr'><strong>p</strong></span> 
     </span>
     <span class='ocr_line' id='line_1_7' title="bbox 163 767 1200 853; baseline -0.005 -18"><span class='ocrx_word' id='word_1_51' title='bbox 163 772 260 852; x_wconf 89' lang='lat' dir='ltr'><strong>atque</strong></span> <span class='ocrx_word' id='word_1_52' title='bbox 277 768 430 834; x_wconf 90' lang='lat' dir='ltr'><strong>instituto</strong></span> <span class='ocrx_word' id='word_1_53' title='bbox 449 771 520 852; x_wconf 85' lang='lat' dir='ltr'><strong>tuo3</strong></span> <span class='ocrx_word' id='word_1_54' title='bbox 540 790 607 834; x_wconf 90' lang='lat' dir='ltr'><strong>non</strong></span> <span class='ocrx_word' id='word_1_55' title='bbox 625 768 741 853; x_wconf 89' lang='lat' dir='ltr'><strong>opinor</strong></span> <span class='ocrx_word' id='word_1_56' title='bbox 759 789 955 853; x_wconf 88' lang='lat' dir='ltr'><strong>quemquam</strong></span> <span class='ocrx_word' id='word_1_57' title='bbox 974 767 1081 833; x_wconf 86' lang='lat' dir='ltr'><strong>minus</strong></span> <span class='ocrx_word' id='word_1_58' title='bbox 1097 787 1154 831; x_wconf 87' lang='lat' dir='ltr'><strong>esse</strong></span> <span class='ocrx_word' id='word_1_59' title='bbox 1199 773 1200 843; x_wconf 23' lang='grc' dir='ltr'>ᾗ</span> 
     </span>
     <span class='ocr_line' id='line_1_8' title="bbox 161 856 1154 941; baseline -0.002 -21"><span class='ocrx_word' id='word_1_60' title='bbox 161 856 358 941; x_wconf 87' lang='lat' dir='ltr'><strong>professum,</strong></span> <span class='ocrx_word' id='word_1_61' title='bbox 390 877 488 941; x_wconf 91' lang='lat' dir='ltr'><strong>quam</strong></span> <span class='ocrx_word' id='word_1_62' title='bbox 516 859 673 940; x_wconf 88' lang='lat' dir='ltr'><strong>quantum</strong></span> <span class='ocrx_word' id='word_1_63' title='bbox 700 859 839 939; x_wconf 78' lang='lat' dir='ltr'><strong>enasset,</strong></span> <span class='ocrx_word' id='word_1_64' title='bbox 870 877 944 921; x_wconf 88' lang='lat' dir='ltr'><strong>cum</strong></span> <span class='ocrx_word' id='word_1_65' title='bbox 972 859 1026 921; x_wconf 92' lang='lat' dir='ltr'><strong>tot</strong></span> <span class='ocrx_word' id='word_1_66' title='bbox 1052 875 1154 935; x_wconf 86' lang='lat' dir='ltr'><strong>cruces,</strong></span> 
     </span>
     <span class='ocr_line' id='line_1_9' title="bbox 162 944 1200 1034; baseline -0.002 -26"><span class='ocrx_word' id='word_1_67' title='bbox 162 947 213 1009; x_wconf 91' lang='lat' dir='ltr'><strong>tot</strong></span> <span class='ocrx_word' id='word_1_68' title='bbox 240 944 411 1030; x_wconf 89' lang='lat' dir='ltr'><strong>supplicia,</strong></span> <span class='ocrx_word' id='word_1_69' title='bbox 438 948 490 1011; x_wconf 90' lang='lat' dir='ltr'><strong>tot</strong></span> <span class='ocrx_word' id='word_1_70' title='bbox 517 966 556 1009; x_wconf 84' lang='lat' dir='ltr'><strong>ex</strong></span> <span class='ocrx_word' id='word_1_71' title='bbox 584 944 717 1010; x_wconf 87' lang='lat' dir='ltr'><strong>cohorte</strong></span> <span class='ocrx_word' id='word_1_72' title='bbox 743 948 987 1028; x_wconf 73' lang='lat' dir='ltr'><strong>recuperatores</strong></span> <span class='ocrx_word' id='word_1_73' title='bbox 1015 964 1154 1029; x_wconf 87' lang='lat' dir='ltr'><strong>propone-</strong></span> <span class='ocrx_word' id='word_1_74' title='bbox 1199 951 1200 1034; x_wconf 51' lang='grc'><strong>1</strong></span> 
     </span>
     <span class='ocr_line' id='line_1_10' title="bbox 162 1031 1154 1120; baseline -0.003 -24"><span class='ocrx_word' id='word_1_75' title='bbox 162 1035 282 1098; x_wconf 88' lang='lat' dir='ltr'><strong>rentur.</strong></span> <span class='ocrx_word' id='word_1_76' title='bbox 326 1033 367 1098; x_wconf 94' lang='lat' dir='ltr'><strong>In</strong></span> <span class='ocrx_word' id='word_1_77' title='bbox 393 1033 506 1120; x_wconf 90' lang='lat' dir='ltr'><strong>iugero</strong></span> <span class='ocrx_word' id='word_1_78' title='bbox 529 1031 682 1098; x_wconf 86' lang='lat' dir='ltr'><strong>Leontini</strong></span> <span class='ocrx_word' id='word_1_79' title='bbox 709 1032 781 1118; x_wconf 87' lang='lat' dir='ltr'><strong>agri</strong></span> <span class='ocrx_word' id='word_1_80' title='bbox 803 1032 1004 1097; x_wconf 89' lang='lat' dir='ltr'><strong>medimnum</strong></span> <span class='ocrx_word' id='word_1_81' title='bbox 1026 1032 1091 1098; x_wconf 88' lang='lat' dir='ltr'><strong>fere</strong></span> <span class='ocrx_word' id='word_1_82' title='bbox 1110 1031 1154 1094; x_wconf 90' lang='lat' dir='ltr'><strong>tri·</strong></span> 
     </span>
    </p>

    <p class='ocr_par' dir='ltr' id='par_1_3' title="bbox 162 1120 1200 1382">
     <span class='ocr_line' id='line_1_11' title="bbox 162 1120 1182 1206; baseline -0.004 -21"><span class='ocrx_word' id='word_1_83' title='bbox 162 1121 221 1186; x_wconf 93' lang='lat' dir='ltr'><strong>tici</strong></span> <span class='ocrx_word' id='word_1_84' title='bbox 254 1121 372 1187; x_wconf 87' lang='lat' dir='ltr'><strong>seritur</strong></span> <span class='ocrx_word' id='word_1_85' title='bbox 403 1124 559 1206; x_wconf 89' lang='lat' dir='ltr'><strong>perpetua</strong></span> <span class='ocrx_word' id='word_1_86' title='bbox 591 1125 689 1204; x_wconf 89' lang='lat' dir='ltr'><strong>atque</strong></span> <span class='ocrx_word' id='word_1_87' title='bbox 721 1120 883 1203; x_wconf 76' lang='lat' dir='ltr'><strong>aequabili</strong></span> <span class='ocrx_word' id='word_1_88' title='bbox 915 1121 1058 1204; x_wconf 80' lang='lat' dir='ltr'><strong>satione3</strong></span> <span class='ocrx_word' id='word_1_89' title='bbox 1092 1136 1182 1204; x_wconf 79' lang='lat' dir='ltr'><strong>egere</strong></span> 
     </span>
     <span class='ocr_line' id='line_1_12' title="bbox 163 1209 1200 1294; baseline -0.006 -19"><span class='ocrx_word' id='word_1_90' title='bbox 163 1209 263 1275; x_wconf 88' lang='lat' dir='ltr'><strong>efficit</strong></span> <span class='ocrx_word' id='word_1_91' title='bbox 287 1232 360 1275; x_wconf 92' lang='lat' dir='ltr'><strong>cum</strong></span> <span class='ocrx_word' id='word_1_92' title='bbox 383 1213 511 1292; x_wconf 89' lang='lat' dir='ltr'><strong>octavo,</strong></span> <span class='ocrx_word' id='word_1_93' title='bbox 539 1209 621 1274; x_wconf 90' lang='lat' dir='ltr'><strong>bene</strong></span> <span class='ocrx_word' id='word_1_94' title='bbox 643 1212 680 1274; x_wconf 86' lang='lat' dir='ltr'><strong>ut</strong></span> <span class='ocrx_word' id='word_1_95' title='bbox 703 1211 834 1294; x_wconf 77' lang='lat' dir='ltr'><strong>agatur3</strong></span> <span class='ocrx_word' id='word_1_96' title='bbox 860 1228 975 1274; x_wconf 87' lang='lat' dir='ltr'><strong>verum</strong></span> <span class='ocrx_word' id='word_1_97' title='bbox 999 1212 1038 1274; x_wconf 89' lang='lat' dir='ltr'><strong>ut</strong></span> <span class='ocrx_word' id='word_1_98' title='bbox 1061 1227 1154 1274; x_wconf 90' lang='lat' dir='ltr'><strong>omnes</strong></span> <span class='ocrx_word' id='word_1_99' title='bbox 1199 1211 1200 1224; x_wconf 63' lang='lat'>¹</span> 
     </span>
     <span class='ocr_line' id='line_1_13' title="bbox 163 1294 1155 1382; baseline -0.003 -20"><span class='ocrx_word' id='word_1_100' title='bbox 163 1297 196 1362; x_wconf 96' lang='lat' dir='ltr'><strong>di</strong></span> <span class='ocrx_word' id='word_1_101' title='bbox 228 1297 393 1382; x_wconf 88' lang='lat' dir='ltr'><strong>adiuvent,</strong></span> <span class='ocrx_word' id='word_1_102' title='bbox 425 1320 497 1363; x_wconf 89' lang='lat' dir='ltr'><strong>cum</strong></span> <span class='ocrx_word' id='word_1_103' title='bbox 524 1296 667 1363; x_wconf 89' lang='lat' dir='ltr'><strong>decumo.</strong></span> <span class='ocrx_word' id='word_1_104' title='bbox 711 1294 804 1371; x_wconf 83' lang='lat' dir='ltr'><strong>Quod</strong></span> <span class='ocrx_word' id='word_1_105' title='bbox 831 1296 1020 1381; x_wconf 92' lang='lat' dir='ltr'><strong>siquando</strong></span> <span class='ocrx_word' id='word_1_106' title='bbox 1048 1295 1155 1376; x_wconf 84' lang='lat' dir='ltr'><strong>eccidit,</strong></span> 
     </span>
    </p>

    <p class='ocr_par' dir='ltr' id='par_1_4' title="bbox 108 1384 1200 2528">
     <span class='ocr_line' id='line_1_14' title="bbox 108 1384 1155 1471; baseline -0.004 -21"><span class='ocrx_word' id='word_1_107' title='bbox 108 1389 112 1392; x_wconf 81' lang='grc'><strong>’</strong></span> <span class='ocrx_word' id='word_1_108' title='bbox 162 1386 299 1471; x_wconf 81' lang='grc'><strong>11111111,</strong></span> <span class='ocrx_word' id='word_1_109' title='bbox 321 1389 504 1451; x_wconf 78' lang='lat' dir='ltr'><strong>nitentum</strong></span> <span class='ocrx_word' id='word_1_110' title='bbox 524 1385 676 1450; x_wconf 88' lang='lat' dir='ltr'><strong>decumae</strong></span> <span class='ocrx_word' id='word_1_111' title='bbox 699 1384 752 1469; x_wconf 89' lang='lat' dir='ltr'><strong>sit,</strong></span> <span class='ocrx_word' id='word_1_112' title='bbox 774 1388 933 1468; x_wconf 88' lang='lat' dir='ltr'><strong>quantum</strong></span> <span class='ocrx_word' id='word_1_113' title='bbox 956 1385 1087 1469; x_wconf 81' lang='lat' dir='ltr'><strong>severis,</strong></span> <span class='ocrx_word' id='word_1_114' title='bbox 1106 1385 1155 1447; x_wconf 87' lang='lat' dir='ltr'><strong>hoo</strong></span> 
     </span>
     <span class='ocr_line' id='line_1_15' title="bbox 163 1471 1155 1559; baseline -0.003 -21"><span class='ocrx_word' id='word_1_115' title='bbox 163 1475 214 1538; x_wconf 91' lang='lat' dir='ltr'><strong>est</strong></span> <span class='ocrx_word' id='word_1_116' title='bbox 240 1478 291 1557; x_wconf 91' lang='lat' dir='ltr'><strong>ut,</strong></span> <span class='ocrx_word' id='word_1_117' title='bbox 319 1477 399 1558; x_wconf 92' lang='lat' dir='ltr'><strong>quot</strong></span> <span class='ocrx_word' id='word_1_118' title='bbox 424 1474 539 1559; x_wconf 86' lang='lat' dir='ltr'><strong>iugera</strong></span> <span class='ocrx_word' id='word_1_119' title='bbox 567 1474 633 1539; x_wconf 90' lang='lat' dir='ltr'><strong>sint</strong></span> <span class='ocrx_word' id='word_1_120' title='bbox 659 1476 744 1556; x_wconf 85' lang='lat' dir='ltr'><strong>sata,</strong></span> <span class='ocrx_word' id='word_1_121' title='bbox 770 1473 908 1538; x_wconf 89' lang='lat' dir='ltr'><strong>totidem</strong></span> <span class='ocrx_word' id='word_1_122' title='bbox 931 1474 1095 1538; x_wconf 83' lang='lat' dir='ltr'><strong>medimna</strong></span> <span class='ocrx_word' id='word_1_123' title='bbox 1114 1471 1155 1535; x_wconf 85' lang='lat' dir='ltr'><strong>de</strong></span> 
     </span>
     <span class='ocr_line' id='line_1_16' title="bbox 112 1558 1200 1649; baseline -0.003 -28"><span class='ocrx_word' id='word_1_124' title='bbox 112 1572 162 1622; x_wconf 80' lang='lat'><strong>113</strong></span> <span class='ocrx_word' id='word_1_125' title='bbox 181 1582 293 1626; x_wconf 89' lang='lat' dir='ltr'><strong>cumae</strong></span> <span class='ocrx_word' id='word_1_126' title='bbox 317 1562 503 1626; x_wconf 72' lang='lat' dir='ltr'><strong>debeantur.</strong></span> <span class='ocrx_word' id='word_1_127' title='bbox 543 1560 616 1627; x_wconf 90' lang='lat' dir='ltr'><strong>Hoc</strong></span> <span class='ocrx_word' id='word_1_128' title='bbox 640 1583 713 1626; x_wconf 90' lang='lat' dir='ltr'><strong>oum</strong></span> <span class='ocrx_word' id='word_1_129' title='bbox 735 1561 784 1626; x_wconf 91' lang='lat' dir='ltr'><strong>ita</strong></span> <span class='ocrx_word' id='word_1_130' title='bbox 806 1564 901 1645; x_wconf 84' lang='lat' dir='ltr'><strong>esset,</strong></span> <span class='ocrx_word' id='word_1_131' title='bbox 922 1562 1069 1649; x_wconf 87' lang='lat' dir='ltr'><strong>primum</strong></span> <span class='ocrx_word' id='word_1_132' title='bbox 1088 1558 1181 1624; x_wconf 85' lang='lat' dir='ltr'><strong>illudo</strong></span> <span class='ocrx_word' id='word_1_133' title='bbox 1199 1561 1200 1616; x_wconf 82' lang='lat' dir='ltr'><strong>l</strong></span> 
     </span>
     <span class='ocr_line' id='line_1_17' title="bbox 163 1648 1154 1734; baseline -0.001 -21"><span class='ocrx_word' id='word_1_134' title='bbox 163 1648 247 1734; x_wconf 91' lang='lat' dir='ltr'><strong>dico,</strong></span> <span class='ocrx_word' id='word_1_135' title='bbox 281 1650 428 1734; x_wconf 82' lang='lat' dir='ltr'><strong>pluribus</strong></span> <span class='ocrx_word' id='word_1_136' title='bbox 462 1649 594 1714; x_wconf 86' lang='lat' dir='ltr'><strong>milibus</strong></span> <span class='ocrx_word' id='word_1_137' title='bbox 628 1649 825 1715; x_wconf 89' lang='lat' dir='ltr'><strong>medimnum</strong></span> <span class='ocrx_word' id='word_1_138' title='bbox 858 1650 990 1716; x_wconf 88' lang='lat' dir='ltr'><strong>venisse</strong></span> <span class='ocrx_word' id='word_1_139' title='bbox 1023 1650 1154 1715; x_wconf 89' lang='lat' dir='ltr'><strong>decumas</strong></span> 
     </span>
     <span class='ocr_line' id='line_1_18' title="bbox 163 1737 1154 1823; baseline -0.005 -21"><span class='ocrx_word' id='word_1_140' title='bbox 163 1737 235 1823; x_wconf 86' lang='lat' dir='ltr'><strong>agri</strong></span> <span class='ocrx_word' id='word_1_141' title='bbox 257 1737 421 1823; x_wconf 85' lang='lat' dir='ltr'><strong>Leontini,</strong></span> <span class='ocrx_word' id='word_1_142' title='bbox 449 1761 546 1822; x_wconf 91' lang='lat' dir='ltr'><strong>quam</strong></span> <span class='ocrx_word' id='word_1_143' title='bbox 573 1742 653 1822; x_wconf 90' lang='lat' dir='ltr'><strong>quot</strong></span> <span class='ocrx_word' id='word_1_144' title='bbox 679 1738 771 1803; x_wconf 88' lang='lat' dir='ltr'><strong>milia</strong></span> <span class='ocrx_word' id='word_1_145' title='bbox 791 1737 941 1823; x_wconf 86' lang='lat' dir='ltr'><strong>iugerum</strong></span> <span class='ocrx_word' id='word_1_146' title='bbox 965 1742 1043 1805; x_wconf 86' lang='lat' dir='ltr'><strong>sata</strong></span> <span class='ocrx_word' id='word_1_147' title='bbox 1065 1738 1154 1803; x_wconf 88' lang='lat' dir='ltr'><strong>essent</strong></span> 
     </span>
     <span class='ocr_line' id='line_1_19' title="bbox 162 1823 1154 1912; baseline -0.005 -22"><span class='ocrx_word' id='word_1_148' title='bbox 162 1825 197 1890; x_wconf 93' lang='lat' dir='ltr'><strong>in</strong></span> <span class='ocrx_word' id='word_1_149' title='bbox 225 1846 304 1912; x_wconf 87' lang='lat' dir='ltr'><strong>agro</strong></span> <span class='ocrx_word' id='word_1_150' title='bbox 327 1827 496 1893; x_wconf 87' lang='lat' dir='ltr'><strong>Leontino.</strong></span> <span class='ocrx_word' id='word_1_151' title='bbox 536 1823 658 1900; x_wconf 82' lang='lat' dir='ltr'><strong>Quodsi</strong></span> <span class='ocrx_word' id='word_1_152' title='bbox 684 1826 756 1892; x_wconf 91' lang='lat' dir='ltr'><strong>fieri</strong></span> <span class='ocrx_word' id='word_1_153' title='bbox 777 1847 844 1890; x_wconf 87' lang='lat' dir='ltr'><strong>nou</strong></span> <span class='ocrx_word' id='word_1_154' title='bbox 864 1830 1013 1912; x_wconf 88' lang='lat' dir='ltr'><strong>poterat,</strong></span> <span class='ocrx_word' id='word_1_155' title='bbox 1040 1825 1154 1909; x_wconf 90' lang='lat' dir='ltr'><strong>utplus</strong></span> 
     </span>
     <span class='ocr_line' id='line_1_20' title="bbox 164 1915 1154 2000; baseline -0.002 -21"><span class='ocrx_word' id='word_1_156' title='bbox 164 1935 261 1999; x_wconf 88' lang='lat' dir='ltr'><strong>quam</strong></span> <span class='ocrx_word' id='word_1_157' title='bbox 288 1933 313 1980; x_wconf 85' lang='lat' dir='ltr'>x</span> <span class='ocrx_word' id='word_1_158' title='bbox 345 1915 508 1980; x_wconf 89' lang='lat' dir='ltr'><strong>medimna</strong></span> <span class='ocrx_word' id='word_1_159' title='bbox 540 1935 578 1978; x_wconf 84' lang='lat' dir='ltr'><strong>ex</strong></span> <span class='ocrx_word' id='word_1_160' title='bbox 609 1915 723 2000; x_wconf 86' lang='lat' dir='ltr'><strong>iugero</strong></span> <span class='ocrx_word' id='word_1_161' title='bbox 756 1917 940 1998; x_wconf 87' lang='lat' dir='ltr'><strong>exararent,</strong></span> <span class='ocrx_word' id='word_1_162' title='bbox 971 1915 1154 1981; x_wconf 84' lang='lat' dir='ltr'><strong>medimnum</strong></span> 
     </span>
     <span class='ocr_line' id='line_1_21' title="bbox 162 2001 1181 2089; baseline -0.005 -22"><span class='ocrx_word' id='word_1_163' title='bbox 162 2008 265 2068; x_wconf 75' lang='grc'><strong>1111111</strong></span> <span class='ocrx_word' id='word_1_164' title='bbox 285 2025 324 2067; x_wconf 87' lang='lat' dir='ltr'><strong>ex</strong></span> <span class='ocrx_word' id='word_1_165' title='bbox 346 2004 458 2089; x_wconf 88' lang='lat' dir='ltr'><strong>iugero</strong></span> <span class='ocrx_word' id='word_1_166' title='bbox 483 2003 659 2067; x_wconf 89' lang='lat' dir='ltr'><strong>decumano</strong></span> <span class='ocrx_word' id='word_1_167' title='bbox 682 2001 753 2067; x_wconf 88' lang='lat' dir='ltr'><strong>dari</strong></span> <span class='ocrx_word' id='word_1_168' title='bbox 775 2002 962 2086; x_wconf 88' lang='lat' dir='ltr'><strong>oportebat,</strong></span> <span class='ocrx_word' id='word_1_169' title='bbox 987 2025 1062 2070; x_wconf 89' lang='lat' dir='ltr'><strong>eum</strong></span> <span class='ocrx_word' id='word_1_170' title='bbox 1083 2016 1181 2086; x_wconf 67' lang='lat' dir='ltr'><strong>eugeque</strong></span> 
     </span>
     <span class='ocr_line' id='line_1_22' title="bbox 161 2089 1154 2176; baseline 0 -23"><span class='ocrx_word' id='word_1_171' title='bbox 161 2089 196 2153; x_wconf 89' lang='lat' dir='ltr'><strong>id</strong></span> <span class='ocrx_word' id='word_1_172' title='bbox 219 2091 305 2174; x_wconf 87' lang='lat' dir='ltr'><strong>quod</strong></span> <span class='ocrx_word' id='word_1_173' title='bbox 327 2111 461 2175; x_wconf 87' lang='lat' dir='ltr'><strong>perraro</strong></span> <span class='ocrx_word' id='word_1_174' title='bbox 484 2089 604 2172; x_wconf 88' lang='lat' dir='ltr'><strong>evenit,</strong></span> <span class='ocrx_word' id='word_1_175' title='bbox 628 2113 700 2156; x_wconf 88' lang='lat' dir='ltr'><strong>cnm</strong></span> <span class='ocrx_word' id='word_1_176' title='bbox 723 2091 856 2156; x_wconf 88' lang='lat' dir='ltr'><strong>decumo</strong></span> <span class='ocrx_word' id='word_1_177' title='bbox 880 2091 1065 2176; x_wconf 87' lang='lat' dir='ltr'><strong>extulisset,</strong></span> <span class='ocrx_word' id='word_1_178' title='bbox 1088 2108 1154 2174; x_wconf 86' lang='lat' dir='ltr'><strong>quae</strong></span> 
     </span>
     <span class='ocr_line' id='line_1_23' title="bbox 163 2177 1154 2262; baseline -0.001 -21"><span class='ocrx_word' id='word_1_179' title='bbox 163 2181 233 2241; x_wconf 89' lang='lat' dir='ltr'><strong>erat</strong></span> <span class='ocrx_word' id='word_1_180' title='bbox 251 2178 337 2242; x_wconf 89' lang='lat' dir='ltr'><strong>ratio</strong></span> <span class='ocrx_word' id='word_1_181' title='bbox 360 2177 554 2261; x_wconf 85' lang='lat' dir='ltr'><strong>decumanis,</strong></span> <span class='ocrx_word' id='word_1_182' title='bbox 578 2177 736 2262; x_wconf 90' lang='lat' dir='ltr'><strong>siquidem</strong></span> <span class='ocrx_word' id='word_1_183' title='bbox 760 2180 911 2244; x_wconf 87' lang='lat' dir='ltr'><strong>decumae</strong></span> <span class='ocrx_word' id='word_1_184' title='bbox 934 2201 973 2244; x_wconf 90' lang='lat' dir='ltr'><strong>ao</strong></span> <span class='ocrx_word' id='word_1_185' title='bbox 996 2203 1065 2246; x_wconf 90' lang='lat' dir='ltr'><strong>non</strong></span> <span class='ocrx_word' id='word_1_186' title='bbox 1084 2181 1154 2242; x_wconf 86' lang='lat' dir='ltr'><strong>bona</strong></span> 
     </span>
     <span class='ocr_line' id='line_1_24' title="bbox 162 2264 1153 2352; baseline 0.003 -23"><span class='ocrx_word' id='word_1_187' title='bbox 162 2264 317 2329; x_wconf 84' lang='lat' dir='ltr'><strong>venibant</strong></span> <span class='ocrx_word' id='word_1_188' title='bbox 348 2270 529 2348; x_wconf 88' lang='lat' dir='ltr'><strong>aratorum,</strong></span> <span class='ocrx_word' id='word_1_189' title='bbox 559 2269 597 2330; x_wconf 87' lang='lat' dir='ltr'><strong>ut</strong></span> <span class='ocrx_word' id='word_1_190' title='bbox 624 2267 773 2351; x_wconf 89' lang='lat' dir='ltr'><strong>pluribus</strong></span> <span class='ocrx_word' id='word_1_191' title='bbox 801 2267 970 2352; x_wconf 90' lang='lat' dir='ltr'><strong>aliquanto</strong></span> <span class='ocrx_word' id='word_1_192' title='bbox 999 2264 1153 2334; x_wconf 80' lang='lat' dir='ltr'><strong>medimnis</strong></span> 
     </span>
     <span class='ocr_line' id='line_1_25' title="bbox 162 2351 1153 2441; baseline -0.001 -25"><span class='ocrx_word' id='word_1_193' title='bbox 162 2351 311 2417; x_wconf 89' lang='lat' dir='ltr'><strong>decumas</strong></span> <span class='ocrx_word' id='word_1_194' title='bbox 330 2357 482 2437; x_wconf 90' lang='lat' dir='ltr'><strong>emerent,</strong></span> <span class='ocrx_word' id='word_1_195' title='bbox 506 2375 603 2438; x_wconf 90' lang='lat' dir='ltr'><strong>quam</strong></span> <span class='ocrx_word' id='word_1_196' title='bbox 621 2355 734 2441; x_wconf 86' lang='lat' dir='ltr'><strong>iugera</strong></span> <span class='ocrx_word' id='word_1_197' title='bbox 754 2359 848 2422; x_wconf 85' lang='lat' dir='ltr'><strong>crant</strong></span> <span class='ocrx_word' id='word_1_198' title='bbox 871 2357 965 2421; x_wconf 78' lang='lat' dir='ltr'><strong>sata?</strong></span> <span class='ocrx_word' id='word_1_199' title='bbox 1009 2356 1050 2422; x_wconf 90' lang='lat' dir='ltr'><strong>In</strong></span> <span class='ocrx_word' id='word_1_200' title='bbox 1070 2355 1153 2420; x_wconf 85' lang='lat' dir='ltr'><strong>Leon·</strong></span> 
     </span>
     <span class='ocr_line' id='line_1_26' title="bbox 161 2439 1179 2528; baseline -0.001 -24"><span class='ocrx_word' id='word_1_201' title='bbox 161 2439 231 2505; x_wconf 88' lang='lat' dir='ltr'><strong>tino</strong></span> <span class='ocrx_word' id='word_1_202' title='bbox 263 2441 412 2527; x_wconf 88' lang='lat' dir='ltr'><strong>iugerum</strong></span> <span class='ocrx_word' id='word_1_203' title='bbox 444 2441 639 2528; x_wconf 77' lang='lat' dir='ltr'><strong>subscriptio</strong></span> <span class='ocrx_word' id='word_1_204' title='bbox 672 2465 709 2508; x_wconf 84' lang='lat' dir='ltr'><strong>ac</strong></span> <span class='ocrx_word' id='word_1_205' title='bbox 735 2443 895 2528; x_wconf 79' lang='lat' dir='ltr'><strong>professio</strong></span> <span class='ocrx_word' id='word_1_206' title='bbox 921 2465 991 2508; x_wconf 91' lang='lat' dir='ltr'><strong>non</strong></span> <span class='ocrx_word' id='word_1_207' title='bbox 1019 2446 1069 2510; x_wconf 91' lang='lat' dir='ltr'><strong>est</strong></span> <span class='ocrx_word' id='word_1_208' title='bbox 1092 2441 1179 2527; x_wconf 76' lang='lat' dir='ltr'><strong>plura</strong></span> 
     </span>
    </p>

    <p class='ocr_par' dir='ltr' id='par_1_5' title="bbox 109 2527 1153 2792">
     <span class='ocr_line' id='line_1_27' title="bbox 109 2527 1153 2614; baseline -0.01 -16"><span class='ocrx_word' id='word_1_209' title='bbox 109 2534 151 2598; x_wconf 88' lang='lat'><strong>48</strong></span> <span class='ocrx_word' id='word_1_210' title='bbox 159 2531 248 2614; x_wconf 53' lang='lat' dir='ltr'><strong>rr’rifx3</strong></span> <span class='ocrx_word' id='word_1_211' title='bbox 276 2530 426 2596; x_wconf 88' lang='lat' dir='ltr'><strong>decumae</strong></span> <span class='ocrx_word' id='word_1_212' title='bbox 452 2533 568 2597; x_wconf 66' lang='lat' dir='ltr'><strong>{iffi</strong></span> <span class='ocrx_word' id='word_1_213' title='bbox 594 2531 792 2598; x_wconf 89' lang='lat' dir='ltr'><strong>medimnum</strong></span> <span class='ocrx_word' id='word_1_214' title='bbox 818 2531 998 2597; x_wconf 78' lang='lat' dir='ltr'><strong>venierunt</strong></span> <span class='ocrx_word' id='word_1_215' title='bbox 1038 2527 1153 2598; x_wconf 78' lang='lat' dir='ltr'><strong>Erravit</strong></span> 
     </span>
     <span class='ocr_line' id='line_1_28' title="bbox 162 2617 1152 2705; baseline -0.005 -21"><span class='ocrx_word' id='word_1_216' title='bbox 162 2622 219 2684; x_wconf 85' lang='lat' dir='ltr'><strong>aut</strong></span> <span class='ocrx_word' id='word_1_217' title='bbox 239 2619 349 2704; x_wconf 88' lang='lat' dir='ltr'><strong>potius</strong></span> <span class='ocrx_word' id='word_1_218' title='bbox 366 2619 522 2685; x_wconf 84' lang='lat' dir='ltr'><strong>insanivit</strong></span> <span class='ocrx_word' id='word_1_219' title='bbox 540 2619 727 2705; x_wconf 80' lang='lat' dir='ltr'><strong>Apronius?</strong></span> <span class='ocrx_word' id='word_1_220' title='bbox 766 2620 871 2685; x_wconf 92' lang='lat' dir='ltr'><strong>Immo</strong></span> <span class='ocrx_word' id='word_1_221' title='bbox 890 2623 961 2684; x_wconf 89' lang='lat' dir='ltr'><strong>tum</strong></span> <span class='ocrx_word' id='word_1_222' title='bbox 984 2617 1152 2696; x_wconf 85' lang='lat' dir='ltr'><strong>insanisset,</strong></span> 
     </span>
     <span class='ocr_line' id='line_1_29' title="bbox 162 2707 1152 2792; baseline -0.004 -20"><span class='ocrx_word' id='word_1_223' title='bbox 162 2707 190 2772; x_wconf 93' lang='lat' dir='ltr'><strong>si</strong></span> <span class='ocrx_word' id='word_1_224' title='bbox 214 2708 397 2772; x_wconf 87' lang='lat' dir='ltr'><strong>aratoribus</strong></span> <span class='ocrx_word' id='word_1_225' title='bbox 419 2708 462 2792; x_wconf 87' lang='lat' dir='ltr'><strong>id,</strong></span> <span class='ocrx_word' id='word_1_226' title='bbox 485 2708 570 2792; x_wconf 87' lang='lat' dir='ltr'><strong>quod</strong></span> <span class='ocrx_word' id='word_1_227' title='bbox 593 2708 756 2792; x_wconf 89' lang='lat' dir='ltr'><strong>deberent,</strong></span> <span class='ocrx_word' id='word_1_228' title='bbox 779 2708 904 2774; x_wconf 88' lang='lat' dir='ltr'><strong>licitum</strong></span> <span class='ocrx_word' id='word_1_229' title='bbox 928 2712 1016 2773; x_wconf 89' lang='lat' dir='ltr'><strong>essct</strong></span> <span class='ocrx_word' id='word_1_230' title='bbox 1040 2711 1072 2774; x_wconf 80' lang='lat' dir='ltr'><strong>et</strong></span> <span class='ocrx_word' id='word_1_231' title='bbox 1092 2723 1152 2782; x_wconf 79' lang='lat' dir='ltr'><strong>non,</strong></span> 
     </span>
    </p>

    <p class='ocr_par' dir='ltr' id='par_1_6' title="bbox 19 2795 1066 2883">
     <span class='ocr_line' id='line_1_30' title="bbox 19 2795 1066 2883; baseline 0.002 -23"><span class='ocrx_word' id='word_1_232' title='bbox 19 2865 20 2870; x_wconf 6' lang='grc' dir='ltr'>χ</span> <span class='ocrx_word' id='word_1_233' title='bbox 163 2795 250 2881; x_wconf 92' lang='lat' dir='ltr'><strong>quod</strong></span> <span class='ocrx_word' id='word_1_234' title='bbox 272 2796 440 2883; x_wconf 86' lang='lat' dir='ltr'><strong>Apronius</strong></span> <span class='ocrx_word' id='word_1_235' title='bbox 460 2797 666 2881; x_wconf 87' lang='lat' dir='ltr'><strong>imperasset,</strong></span> <span class='ocrx_word' id='word_1_236' title='bbox 688 2817 818 2862; x_wconf 83' lang='lat' dir='ltr'><strong>necesse</strong></span> <span class='ocrx_word' id='word_1_237' title='bbox 840 2795 957 2861; x_wconf 85' lang='lat' dir='ltr'><strong>fuisset</strong></span> <span class='ocrx_word' id='word_1_238' title='bbox 980 2797 1066 2862; x_wconf 85' lang='lat' dir='ltr'><strong>dare</strong></span> 
     </span>
    </p>

    <p class='ocr_par' dir='ltr' id='par_1_7' title="bbox 19 2882 1179 3586">
     <span class='ocr_line' id='line_1_31' title="bbox 111 2882 1179 2970; baseline 0.003 -27.683"><span class='ocrx_word' id='word_1_239' title='bbox 111 2895 162 2943; x_wconf 84' lang='lat'><strong>114</strong></span> <span class='ocrx_word' id='word_1_240' title='bbox 230 2882 265 2950; x_wconf 82' lang='lat' dir='ltr'><strong>Si</strong></span> <span class='ocrx_word' id='word_1_241' title='bbox 302 2885 437 2950; x_wconf 88' lang='lat' dir='ltr'><strong>ostendo</strong></span> <span class='ocrx_word' id='word_1_242' title='bbox 473 2885 580 2949; x_wconf 91' lang='lat' dir='ltr'><strong>minus</strong></span> <span class='ocrx_word' id='word_1_243' title='bbox 612 2884 718 2949; x_wconf 89' lang='lat' dir='ltr'><strong>tribus</strong></span> <span class='ocrx_word' id='word_1_244' title='bbox 749 2883 921 2949; x_wconf 89' lang='lat' dir='ltr'><strong>medimnis</strong></span> <span class='ocrx_word' id='word_1_245' title='bbox 951 2885 988 2949; x_wconf 91' lang='lat' dir='ltr'><strong>in</strong></span> <span class='ocrx_word' id='word_1_246' title='bbox 1018 2886 1179 2970; x_wconf 78' lang='lat' dir='ltr'><strong>iugermv</strong></span> 
     </span>
     <span class='ocr_line' id='line_1_32' title="bbox 160 2972 1152 3058; baseline -0.005 -21"><span class='ocrx_word' id='word_1_247' title='bbox 160 2973 323 3038; x_wconf 91' lang='lat' dir='ltr'><strong>neminem</strong></span> <span class='ocrx_word' id='word_1_248' title='bbox 346 2973 470 3040; x_wconf 89' lang='lat' dir='ltr'><strong>dedisse</strong></span> <span class='ocrx_word' id='word_1_249' title='bbox 494 2972 659 3055; x_wconf 89' lang='lat' dir='ltr'><strong>decumae,</strong></span> <span class='ocrx_word' id='word_1_250' title='bbox 686 2973 853 3056; x_wconf 75' lang='lat' dir='ltr'><strong>consedes,</strong></span> <span class='ocrx_word' id='word_1_251' title='bbox 880 2973 1008 3058; x_wconf 85' lang='lat' dir='ltr'><strong>opinor,</strong></span> <span class='ocrx_word' id='word_1_252' title='bbox 1035 2975 1073 3038; x_wconf 90' lang='lat' dir='ltr'><strong>ut</strong></span> <span class='ocrx_word' id='word_1_253' title='bbox 1093 2987 1152 3035; x_wconf 87' lang='lat' dir='ltr'><strong>eun</strong></span> 
     </span>
     <span class='ocr_line' id='line_1_33' title="bbox 161 3058 1151 3145; baseline 0.001 -20"><span class='ocrx_word' id='word_1_254' title='bbox 161 3061 294 3126; x_wconf 90' lang='lat' dir='ltr'><strong>decumo</strong></span> <span class='ocrx_word' id='word_1_255' title='bbox 308 3061 434 3127; x_wconf 84' lang='lat' dir='ltr'><strong>fructus</strong></span> <span class='ocrx_word' id='word_1_256' title='bbox 448 3061 604 3126; x_wconf 88' lang='lat' dir='ltr'><strong>erationis</strong></span> <span class='ocrx_word' id='word_1_257' title='bbox 617 3064 789 3145; x_wconf 85' lang='lat' dir='ltr'><strong>perceptus</strong></span> <span class='ocrx_word' id='word_1_258' title='bbox 808 3061 861 3144; x_wconf 89' lang='lat' dir='ltr'><strong>sit,</strong></span> <span class='ocrx_word' id='word_1_259' title='bbox 878 3061 1043 3126; x_wconf 89' lang='lat' dir='ltr'><strong>neminem</strong></span> <span class='ocrx_word' id='word_1_260' title='bbox 1060 3058 1151 3125; x_wconf 64' lang='lat' dir='ltr'><strong>minus</strong></span> 
     </span>
     <span class='ocr_line' id='line_1_34' title="bbox 160 3147 1150 3242; baseline -0.003 -29"><span class='ocrx_word' id='word_1_261' title='bbox 160 3149 266 3214; x_wconf 86' lang='lat' dir='ltr'><strong>tribus</strong></span> <span class='ocrx_word' id='word_1_262' title='bbox 294 3147 435 3218; x_wconf 88' lang='lat' dir='ltr'><strong>decumis</strong></span> <span class='ocrx_word' id='word_1_263' title='bbox 463 3149 596 3214; x_wconf 87' lang='lat' dir='ltr'><strong>dedisse.</strong></span> <span class='ocrx_word' id='word_1_264' title='bbox 638 3148 747 3233; x_wconf 87' lang='lat' dir='ltr'><strong>Atque</strong></span> <span class='ocrx_word' id='word_1_265' title='bbox 772 3149 836 3214; x_wconf 91' lang='lat' dir='ltr'><strong>hoc</strong></span> <span class='ocrx_word' id='word_1_266' title='bbox 862 3148 897 3213; x_wconf 94' lang='lat' dir='ltr'><strong>in</strong></span> <span class='ocrx_word' id='word_1_267' title='bbox 923 3148 1069 3214; x_wconf 88' lang='lat' dir='ltr'><strong>beneficii</strong></span> <span class='ocrx_word' id='word_1_268' title='bbox 1092 3147 1150 3242; x_wconf 72' lang='lat' dir='ltr'><strong>loeo</strong></span> 
     </span>
     <span class='ocr_line' id='line_1_35' title="bbox 160 3235 1150 3324; baseline -0.001 -23"><span class='ocrx_word' id='word_1_269' title='bbox 160 3237 299 3322; x_wconf 89' lang='lat' dir='ltr'><strong>petitum</strong></span> <span class='ocrx_word' id='word_1_270' title='bbox 327 3242 377 3302; x_wconf 89' lang='lat' dir='ltr'><strong>est</strong></span> <span class='ocrx_word' id='word_1_271' title='bbox 405 3239 445 3302; x_wconf 89' lang='lat' dir='ltr'><strong>ab</strong></span> <span class='ocrx_word' id='word_1_272' title='bbox 464 3237 624 3321; x_wconf 88' lang='lat' dir='ltr'><strong>Apronio,</strong></span> <span class='ocrx_word' id='word_1_273' title='bbox 651 3239 688 3302; x_wconf 92' lang='lat' dir='ltr'><strong>ut</strong></span> <span class='ocrx_word' id='word_1_274' title='bbox 714 3235 750 3300; x_wconf 89' lang='lat' dir='ltr'><strong>in</strong></span> <span class='ocrx_word' id='word_1_275' title='bbox 776 3237 890 3324; x_wconf 85' lang='lat' dir='ltr'><strong>iugera</strong></span> <span class='ocrx_word' id='word_1_276' title='bbox 912 3237 1042 3324; x_wconf 85' lang='lat' dir='ltr'><strong>singula</strong></span> <span class='ocrx_word' id='word_1_277' title='bbox 1063 3240 1150 3300; x_wconf 75' lang='lat' dir='ltr'><strong>semu</strong></span> 
     </span>
     <span class='ocr_line' id='line_1_36' title="bbox 161 3324 1177 3406; baseline -0.003 -19"><span class='ocrx_word' id='word_1_278' title='bbox 161 3325 331 3389; x_wconf 86' lang='lat' dir='ltr'><strong>medimnis</strong></span> <span class='ocrx_word' id='word_1_279' title='bbox 360 3325 503 3390; x_wconf 88' lang='lat' dir='ltr'><strong>decidere</strong></span> <span class='ocrx_word' id='word_1_280' title='bbox 531 3325 652 3390; x_wconf 88' lang='lat' dir='ltr'><strong>liceret.</strong></span> <span class='ocrx_word' id='word_1_281' title='bbox 696 3324 784 3390; x_wconf 88' lang='lat' dir='ltr'><strong>Nam</strong></span> <span class='ocrx_word' id='word_1_282' title='bbox 811 3347 884 3392; x_wconf 91' lang='lat' dir='ltr'><strong>cum</strong></span> <span class='ocrx_word' id='word_1_283' title='bbox 912 3348 932 3391; x_wconf 93' lang='lat' dir='ltr'><strong>a</strong></span> <span class='ocrx_word' id='word_1_284' title='bbox 954 3325 1065 3391; x_wconf 89' lang='lat' dir='ltr'><strong>multis</strong></span> <span class='ocrx_word' id='word_1_285' title='bbox 1087 3327 1177 3406; x_wconf 80' lang='lat' dir='ltr'><strong>que-³⁵</strong></span> 
     </span>
     <span class='ocr_line' id='line_1_37' title="bbox 160 3411 1149 3503; baseline 0 -29"><span class='ocrx_word' id='word_1_286' title='bbox 160 3415 267 3492; x_wconf 88' lang='lat' dir='ltr'><strong>terna,</strong></span> <span class='ocrx_word' id='word_1_287' title='bbox 304 3411 403 3477; x_wconf 88' lang='lat' dir='ltr'><strong>etiam</strong></span> <span class='ocrx_word' id='word_1_288' title='bbox 435 3413 534 3496; x_wconf 89' lang='lat' dir='ltr'><strong>quina</strong></span> <span class='ocrx_word' id='word_1_289' title='bbox 566 3413 784 3499; x_wconf 83' lang='lat' dir='ltr'><strong>exigerentur,</strong></span> <span class='ocrx_word' id='word_1_290' title='bbox 815 3414 928 3478; x_wconf 93' lang='lat' dir='ltr'><strong>multis</strong></span> <span class='ocrx_word' id='word_1_291' title='bbox 961 3417 1068 3479; x_wconf 89' lang='lat' dir='ltr'><strong>autem</strong></span> <span class='ocrx_word' id='word_1_292' title='bbox 1095 3425 1149 3503; x_wconf 65' lang='lat' dir='ltr'><strong>non</strong></span> 
     </span>
     <span class='ocr_line' id='line_1_38' title="bbox 161 3496 1149 3586; baseline 0.003 -26"><span class='ocrx_word' id='word_1_293' title='bbox 161 3496 257 3561; x_wconf 92' lang='lat' dir='ltr'><strong>modo</strong></span> <span class='ocrx_word' id='word_1_294' title='bbox 277 3517 414 3582; x_wconf 88' lang='lat' dir='ltr'><strong>granum</strong></span> <span class='ocrx_word' id='word_1_295' title='bbox 431 3500 568 3585; x_wconf 92' lang='lat' dir='ltr'><strong>nullum,</strong></span> <span class='ocrx_word' id='word_1_296' title='bbox 591 3500 647 3565; x_wconf 93' lang='lat' dir='ltr'><strong>sed</strong></span> <span class='ocrx_word' id='word_1_297' title='bbox 664 3522 705 3565; x_wconf 92' lang='lat' dir='ltr'><strong>ne</strong></span> <span class='ocrx_word' id='word_1_298' title='bbox 726 3501 840 3586; x_wconf 89' lang='lat' dir='ltr'><strong>paleae</strong></span> <span class='ocrx_word' id='word_1_299' title='bbox 863 3502 993 3585; x_wconf 91' lang='lat' dir='ltr'><strong>quidem</strong></span> <span class='ocrx_word' id='word_1_300' title='bbox 1015 3522 1054 3566; x_wconf 84' lang='lat' dir='ltr'><strong>ex</strong></span> <span class='ocrx_word' id='word_1_301' title='bbox 1074 3513 1149 3562; x_wconf 80' lang='lat' dir='ltr'><strong>omnl</strong></span> 
     </span>
    </p>
   </div>
   <div class='ocr_carea' id='block_1_3' title="bbox 0 0 1229 3934">
    <p class='ocr_par' dir='ltr' id='par_1_8' title="bbox 0 0 1229 3934">
     <span class='ocr_line' id='line_1_39' title="bbox 0 0 1229 3934; baseline 0 0"><span class='ocrx_word' id='word_1_302' title='bbox 0 0 1229 3934; x_wconf 95' lang='lat' dir='ltr'><strong> </strong></span> 
     </span>
    </p>
   </div>
  </div>
 </body>
</html>
