2386 3938
152 171 217 235 124
389 171 429 226 m
449 171 477 227 C.
496 171 652 227 VERREM
669 170 781 227 serlo
799 169 923 227 PRIMA.

151 316 301 382 omnibus
324 315 412 382 feeit.
448 313 555 382 Semel
578 314 626 380 ait
648 336 683 379 se
705 315 740 379 in
761 315 831 379 rita
852 313 1070 399 pertimuisse,
1091 319 1157 380 tum
1187 329 1188 398 l

151 405 387 490 cumprimum
411 423 600 470 emersus
623 402 729 468 lactus
752 403 811 486 sit,
834 402 929 487 quod,
953 423 1025 468 cum
1049 423 1068 468 e
1089 425 1158 489 pre·
1187 411 1188 416 ’

150 492 257 559 vincia
278 513 388 559 recens
412 495 499 556 esset
520 491 705 574 invidiaque
728 494 762 556 et
783 490 919 556 infamia
940 511 1008 556 non
1031 492 1159 574 recenti,

151 580 208 646 sed
239 586 347 646 vetere
380 602 419 646 ac
449 579 601 644 diuturna
632 579 801 665 flagraret,
832 583 903 643 tum
936 579 978 644 ad
1009 579 1159 645 iudicium
1188 574 1189 648 l

116 668 421 754 ecorrumpendum
457 670 586 753 tempus
622 667 763 732 alienum
798 666 985 732 offenderet.
1038 667 1189 752 Idaques

151 779 225 823 cum
243 777 305 842 ego
324 755 408 821 diem
426 755 658 839 inquirendiin
670 752 815 821 Siciliam
827 755 1040 842 perexiguam
1053 761 1160 842 postu-

151 844 318 926 lavissem,
352 843 477 909 invenit
512 843 589 927 iste,
626 843 682 928 qui
711 843 774 908 sibi
805 843 841 911 in
871 843 1035 909 Achaiam
1066 845 1160 909 biduo

152 932 334 997 breuiorem
358 931 442 996 diem
464 931 661 1016 postularet,
682 953 749 996 non
770 935 809 996 ut
830 931 858 995 is
881 931 969 996 idem
992 932 1161 998 conficeret

152 1019 323 1104 diligentia
349 1024 383 1084 et
409 1018 569 1085 industria
596 1040 668 1104 sue,
695 1019 782 1104 quod
809 1039 870 1105 ego
897 1039 972 1086 mee
995 1021 1111 1086 labore
1132 1025 1161 1085 et

151 1107 275 1194 vigiliis
299 1111 489 1175 consecutus
513 1129 598 1190 sum3
623 1106 743 1172 etenim
765 1108 822 1172 ille
844 1106 1009 1174 Achaicus
1033 1109 1186 1193 inquis-n

152 1201 207 1261 tor
228 1219 269 1261 ne
291 1195 501 1262 Brundisium
523 1195 653 1279 quidem
676 1195 837 1281 pervenit,
861 1215 924 1282 ego
947 1194 1098 1262 Siciliam
1119 1201 1161 1261 tc

152 1288 222 1349 tam
246 1284 482 1370 quinquaginta
504 1282 617 1348 diebus
641 1287 686 1349 sic
709 1283 785 1366 obii,
807 1286 846 1347 ut
865 1284 1012 1349 omnium
1031 1285 1162 1371 popule
1190 1361 1191 1366 γ

152 1393 225 1437 rum
251 1373 519 1457 privatorumque
545 1371 674 1436 litteras
698 1370 897 1456 iniuriasque
920 1367 1177 1458 cognoscerem3'

152 1463 191 1524 ut
204 1459 410 1545 perspicuum
424 1458 525 1523 cuiuis
539 1480 610 1524 esse
624 1463 735 1544 posset
748 1459 913 1524 hominem
927 1460 971 1524 ab
984 1459 1052 1526 isto
1072 1482 1161 1545 quae

153 1547 252 1610 situm
280 1567 363 1628 esse,
391 1567 458 1610 non
485 1546 540 1630 qui
567 1568 659 1612 reum
686 1568 781 1612 suum
808 1547 996 1632 adduceret,
1025 1548 1085 1614 sed
1111 1548 1187 1634 quie

152 1655 260 1700 meum
282 1637 411 1717 tempus
434 1634 606 1700 obsideret.

113 1703 133 1829 ἦ
217 1720 312 1788 Nunc
334 1721 433 1788 home
452 1722 685 1788 audacissimus
708 1727 806 1806 atque
830 1723 1076 1790 amentissimus
1103 1725 1162 1791 hoe

152 1811 285 1896 cogitat.
329 1809 498 1897 Intellegit
525 1833 577 1876 me
600 1811 648 1876 ita
669 1813 821 1896 paratum
844 1814 942 1895 atque
964 1812 1162 1879 instructum

151 1899 186 1964 in
213 1899 366 1966 iudicium
393 1899 516 1982 venire,
542 1902 673 1964 utnon
701 1899 797 1965 modo
820 1899 1011 1965 inauribus
1034 1903 1162 1984 restris,

152 1987 208 2052 sed
221 1988 256 2052 in
270 1987 372 2054 oculis
391 1987 535 2052 omnium
554 2009 614 2052 sua
630 1987 720 2054 furta
738 1991 835 2071 atque
853 1987 980 2073 flagitia
999 1989 1187 2056 defixurus·

150 2073 753 2244 tleVlllr33¹¹illtzfft¹lt⁸dzz⁰
773 2075 1163 2249 sterelitate

151 2248 237 2314 cives
252 2253 349 2331 atque
364 2247 478 2331 socios,
497 2247 615 2331 quibus
631 2249 703 2333 ipse
721 2213 866 2338 idsignes
884 2251 1020 2318 iniurias
1039 2253 1162 2338 fecerit,

149 2336 238 2401 videt
267 2337 368 2401 etiarn
396 2339 449 2400 tot
477 2339 547 2402 tarn
578 2358 695 2422 graves
724 2340 766 2404 ab
794 2339 998 2406 amicissimis
1022 2341 1161 2408 civitati·

150 2424 211 2490 bus
233 2424 415 2510 legationes
438 2447 510 2490 cum
530 2424 670 2511 publicis
694 2425 944 2494 auctoritatibus
962 2431 1191 2496 convenisses

114 2532 131 2582 e
150 2509 240 2587 Quae
262 2534 337 2577 cum
357 2512 405 2578 ita
428 2513 507 2597 sint,
535 2535 636 2598 usque
660 2536 698 2580 eo
720 2515 760 2580 de
784 2516 934 2581 omnibus
956 2517 1053 2583 bonis
1076 2521 1163 2584 male

150 2599 325 2684 existimat,
347 2622 449 2686 usque
467 2622 504 2666 eo
524 2602 688 2668 senatoria
700 2601 819 2669 iudicia
831 2604 960 2689 perdita
972 2605 1163 2693 profligata-

151 2711 212 2774 que
235 2711 305 2756 esse
328 2689 520 2774 arbitratur,
546 2694 584 2755 ut
606 2690 669 2756 hoc
691 2691 802 2775 palum
830 2692 971 2777 dictitet,
997 2715 1064 2760 nun
1093 2696 1162 2760 sine

150 2799 248 2844 causa
270 2799 306 2846 se
327 2777 478 2863 cupidum
496 2777 649 2862 pecuniae
667 2778 778 2863 fuisse,
800 2781 954 2864 quoniam
970 2781 1007 2846 in
1023 2785 1162 2868 pecunia

148 2869 278 2932 tanturn
300 2866 497 2953 praesidium
520 2865 704 2951 experiatur
726 2889 811 2951 esse;
835 2889 914 2953 sese,
936 2869 971 2934 id
993 2871 1080 2954 quod
1105 2871 1162 2936 dil·
1192 2910 1193 2917 κ

148 2953 330 3020 ficillimum
363 2954 478 3038 firerit,
509 2957 636 3039 tempus
669 2955 776 3040 ipsum
809 2956 926 3023 emisse
957 2958 1069 3024 iudicii
1103 2962 1162 3042 sui,

149 3061 213 3124 quo
237 3047 343 3110 cetera
365 3042 492 3108 facilius
516 3064 622 3108 emere
644 3047 760 3128 postea
782 3048 907 3129 posset3
931 3050 983 3129 ut,
1005 3048 1161 3130 quoniam

149 3128 320 3196 eriminum
342 3131 408 3197 vim
432 3130 657 3217 subterfugere
678 3131 770 3196 nullo
794 3133 890 3199 modo
912 3138 1057 3219 poterat,
1086 3158 1161 3220 pre

114 3235 131 3284 e
149 3214 266 3281 cellam
282 3219 439 3303 temporis
458 3218 625 3284 devitaret.
650 3217 783 3294 >Quodsi
801 3241 868 3286 non
885 3222 981 3288 modo
998 3223 1035 3288 in
1052 3245 1160 3306 causa,

149 3323 261 3368 verum
283 3305 319 3368 in
341 3306 450 3389 aliquo
472 3306 610 3372 honesto
633 3307 794 3392 praesidio
814 3313 872 3374 aut
887 3309 923 3374 in
941 3311 1078 3377 alicrrius
1097 3313 1160 3377 ele

150 3390 282 3471 quentia
304 3395 362 3455 aut
385 3393 493 3478 gratia
514 3414 606 3476 spem
627 3395 771 3480 aliquam
789 3398 992 3483 collocasset,
1013 3397 1159 3486 profectu

148 3496 215 3540 non
236 3475 318 3542 haec
341 3478 449 3543 omnia
472 3480 642 3565 colligeret
660 3487 758 3568 atque
777 3489 1001 3571 aucuparetur,
1022 3509 1089 3554 non
1106 3509 1160 3552 ns-
