2386 3938
394 168 469 224 caP.
488 176 512 237 1,
530 175 546 223 a
565 175 580 236 s
604 175 682 225 1-5.
979 115 1056 237 101¹

60 333 101 375 me
126 312 248 397 publice
280 334 375 399 saepe
406 317 576 395 venerunt,
607 317 645 379 ut
677 335 807 380 suarum
836 315 1041 382 fortunarum

59 399 182 466 omnium
199 423 330 467 causam
349 401 629 486 defensionemque
648 402 857 488 susciperam3
876 427 926 470 me
946 426 1042 492 saepe

59 507 114 552 esse
140 489 333 574 pollicitum,
366 511 461 575 saepe
492 490 672 556 ostendisse
703 490 867 575 dicebant,
899 493 927 558 si
955 493 1041 577 quod

58 579 166 662 tempus
192 578 375 664 accidisset,
402 599 466 662 quo
494 582 639 663 tempore
667 578 791 664 aliquid
818 602 838 644 a
863 603 914 646 me
938 581 1041 665 requi·

39 669 154 748 merent,
176 667 353 732 commodis
377 671 488 732 eorum
511 688 562 731 me
584 688 650 732 non
673 666 867 733 defuturum.
904 667 1040 734 Venisse
1060 683 1076 732 3

59 757 167 838 tempus
197 755 343 839 aiebant,
373 759 441 820 non
466 754 532 820 iam
559 759 597 819 ut
624 756 793 821 commoda
820 779 891 839 sua,
923 756 980 824 sed
1007 761 1043 822 ut

57 841 139 906 vitam
165 843 367 928 salutemque
395 843 496 908 totius
519 843 704 928 provinciae
728 844 944 930 defenderem,
972 866 1042 911 sese

57 929 107 993 iam
130 951 170 995 ne
196 931 274 997 deos
303 931 433 1016 quidem
459 931 492 995 in
521 931 587 996 suis
614 931 763 1016 urbibus,
793 933 833 998 ad
862 955 942 1016 quos
970 955 1044 1000 cou-

58 1016 200 1103 fugerent,
227 1019 363 1102 habere,
390 1019 475 1104 quod
504 1039 614 1084 eorum
642 1019 815 1085 simulacra
838 1022 1043 1086 sanctissima

33 1119 49 1156 ¹0
58 1103 84 1169 C.
95 1105 202 1172 Verres
222 1129 263 1172 ex
283 1107 426 1172 delubris
446 1107 701 1193 religiosissimis
725 1109 920 1174 sustulisset.
956 1108 1043 1185 Quas

58 1215 96 1257 res
115 1189 252 1262 lux'uries
277 1196 312 1260 in
333 1194 483 1281 flagitiis,
508 1196 682 1260 crudelitas
705 1196 739 1260 in
763 1197 945 1281 suppliciis,
968 1219 1043 1263 ava·

59 1282 117 1346 ntia
140 1284 172 1348 in
198 1284 339 1370 rapinis,
366 1283 518 1368 superbia
544 1283 578 1348 in
605 1284 810 1350 contumeliis
839 1283 965 1350 efficere
988 1307 1043 1370 po·

58 1369 161 1455 tuisset,
179 1393 234 1438 aaa
250 1393 363 1438 omnes
379 1393 449 1436 sese
462 1371 524 1437 hoc
540 1393 605 1437 uno
622 1376 773 1457 praetore
791 1394 849 1458 per
867 1373 1043 1440 triennium

59 1460 221 1544 pertuliss03
251 1481 368 1546 rogare
396 1465 429 1524 et
456 1481 562 1542 orare,
588 1481 629 1524 ne
651 1460 728 1526 illos
752 1452 913 1546 supplices
937 1483 1043 1546 asper·

36 1558 51 1597 ¹⁵
60 1565 141 1631 nater,
155 1571 236 1633 quos
249 1571 301 1614 me
313 1549 467 1614 incolumi
478 1548 599 1614 nemini
611 1549 772 1634 supplices
785 1569 855 1616 esse
869 1553 1043 1636 oporteret.

108 1635 174 1702 Tuli
194 1637 394 1722 gravitaret
417 1637 540 1719 acerbe,
562 1634 692 1721 iudices,
714 1637 749 1701 in
768 1659 840 1702 eum
861 1659 913 1703 me
935 1638 1043 1704 locum
1062 1677 1079 1725 4

61 1721 164 1808 adduci,
190 1730 228 1792 ut
257 1729 315 1790 aut
341 1746 397 1790 eos
424 1725 572 1790 homines
600 1746 674 1811 spes
698 1724 842 1818 falleret,
870 1725 926 1809 qui
949 1746 1044 1809 opem

62 1831 137 1877 ame
162 1818 260 1900 atque
289 1813 445 1879 auxilium
467 1813 639 1899 petissent,
667 1816 724 1892 aut
747 1833 822 1896 ego,
850 1813 905 1896 qui
928 1834 979 1876 me
1003 1813 1043 1878 ad

61 1895 253 1968 defendendos
267 1902 415 1967 homines
431 1902 471 1967 ab
488 1901 618 1966 ineunte
638 1899 857 1965 adulescentia
877 1900 1044 1983 dedissem,

37 1989 181 2072 ²⁰tenpore
194 1995 294 2075 atque
307 1990 413 2056 officio
427 1992 557 2056 coactus
570 1989 611 2054 ad
623 1989 836 2056 accusandum
850 1988 1044 2054 traducerer.

62 2071 192 2142 Dicebam
215 2078 337 2144 habere
360 2100 415 2144 eos
439 2081 582 2144 actorem
605 2076 641 2153 Q.
661 2076 850 2158 Caecilium,
874 2077 929 2161 qui
951 2098 1044 2162 prae—

62 2164 151 2230 sertim
169 2171 325 2251 quaestor
342 2167 377 2231 in
400 2163 510 2232 Sicilia
532 2165 701 2250 provincia
722 2164 865 2230 fnisset.¹
888 2163 958 2240 Quo
982 2186 1043 2252 ego

63 2249 223 2321 adiumento
250 2256 421 2340 sperabam
444 2255 528 2320 hanc
551 2277 570 2318 a
592 2275 644 2318 me
667 2273 762 2338 posse
785 2254 968 2319 molestiam
993 2253 1043 2318 de·

62 2342 173 2426 novari,
195 2343 241 2408 id'
254 2343 336 2408 mihi
358 2346 429 2408 erat
452 2342 673 2408 adversarium
695 2341 842 2407 maxime.
884 2339 970 2406 Nam
993 2341 1043 2406 illi

39 2428 144 2495 analeo
173 2431 257 2498 mihi
287 2431 350 2497 hoe
380 2430 508 2498 lucilius
541 2429 755 2513 remisissent,
787 2429 816 2493 si
846 2428 947 2494 istum
977 2451 1044 2494 non

63 2523 184 2603 nossent,
216 2524 274 2584 aut
301 2519 330 2584 si
356 2519 418 2584 iste
447 2518 532 2603 apud
560 2539 615 2583 eos
648 2520 801 2602 quaestor
826 2539 894 2582 non
919 2517 1044 2582 fuisset.

64 2600 205 2672 Adductus
227 2629 308 2690 sum,
325 2607 455 2689 iudices,
479 2606 594 2688 officio,
616 2605 688 2690 fide,
712 2605 941 2688 misericordia,
963 2604 1080 2668 mul-5

64 2691 148 2760 lorum
167 2696 329 2762 bonorum
352 2694 508 2779 exemplo,
531 2697 640 2759 vetere
664 2692 894 2759 consuetudine
916 2692 1045 2756 institu-

65 2779 140 2862 toque
165 2784 339 2867 maiorum,
371 2787 409 2848 ut
437 2803 518 2848 onus
545 2782 640 2847 huius
669 2782 793 2847 laboris
822 2783 919 2864 atque
947 2778 1047 2844 officii

42 2872 112 2930 ³⁰non
135 2891 169 2935 ex
196 2893 284 2956 meo,
312 2871 367 2936 scd
393 2893 431 2934 ex
454 2891 599 2936 meorum
621 2870 877 2936 necessariorum
900 2871 1047 2952 tempore

66 2953 126 3020 nihi
146 2959 382 3045 suscipiendum
403 2963 561 3043 putarem.

114 3044 177 3122 Quo
199 3047 235 3112 in
256 3047 389 3134 negotio
412 3050 522 3112 tamen
544 3047 604 3112 illa
626 3067 678 3111 me
701 3066 762 3128 res,
784 3043 914 3126 iudices,
938 3063 1048 3108 conso·

66 3125 144 3217 latur,
172 3135 259 3219 quod
285 3136 378 3220 haec,
411 3157 493 3219 quae
519 3133 647 3200 uidetur
674 3153 745 3197 esee
773 3131 935 3198 accusatio
967 3153 1048 3214 mea,

67 3234 114 3282 non
136 3223 242 3307 potius
266 3223 428 3290 accusatio
452 3244 549 3307 quam
578 3220 720 3286 defensio
750 3224 799 3285 est
827 3219 1050 3284 existimanda.

47 3298 186 3376 l[lelando
210 3312 295 3378 enim
318 3312 439 3377 multos
462 3311 628 3392 mortales,
651 3309 772 3374 multas
796 3308 953 3392 civitates,
977 3328 1051 3392 pro·

70 3391 183 3464 unciam
214 3398 357 3467 Siciliam
385 3403 499 3466 totam.
545 3398 649 3474 Quam
677 3397 718 3462 ob
748 3419 829 3482 rem,
862 3397 938 3479 quia
970 3394 1051 3460 milri

71 3497 133 3549 unus
144 3491 191 3552 est
208 3488 415 3572 accusandus,
432 3508 533 3574 prope
552 3486 683 3552 modum
701 3505 830 3551 manere
847 3484 882 3548 in
899 3482 1050 3548 instituto
