2402 3936
295 187 362 244 LlB.
381 191 421 244 111
453 189 528 244 cAP.
548 197 652 246 20-23
671 197 686 258 ἕ
705 197 818 252 tl—oo.
997 192 1060 258 291

52 330 228 416 Pergaeus,
251 333 359 416 quiin
378 335 563 418 suapatria
585 334 650 400 dux
672 334 740 401 isti.
753 335 915 417 quondam
938 340 972 402 st
994 359 1062 404 ma

53 420 157 504 gister
186 420 227 484 ad
251 421 458 504 spoliandum
479 421 604 488 Dianae
627 423 785 506 templum
807 422 886 508 fuit)
910 428 943 490 et
966 425 1062 490 baru-

54 508 175 590 spicem
199 505 373 575 Volusium
400 514 436 574 et
455 509 623 586 Valerium
650 532 850 594 praeconem.
899 511 1063 597 Nympho,

53 600 230 680 antequam
254 598 350 679 plane
373 598 534 681 constitit,
557 598 801 664 condemnatum
843 597 976 684 Quanti,
999 600 1063 669 for-

31 689 140 750 semes
172 684 338 768 quaeritis.
377 684 485 753 ¹Nulla
513 689 585 758 erat
611 687 707 754 edict-i
734 709 840 771 poena
866 692 968 772 certa}
993 687 1063 756 'fru-

53 771 154 836 menti
178 773 286 838 omnis
309 773 391 857 eius,
415 774 501 858 quod
522 774 665 838 inaneis
689 779 783 840 esset.
823 773 877 842 Sic
899 776 1062 860 Apronius

53 860 250 928 decumanus
281 881 348 934 non
379 861 546 928 decumam
579 862 737 947 debitam,
761 884 833 929 non
864 863 1062 931 frumentum

51 952 216 1012 remotum
232 952 329 1032 atque
343 950 493 1031 celatum,
512 950 567 1014 sed
581 950 683 1018 tritici
696 967 746 1016 vn
760 951 853 1018 milia
865 952 1063 1020 medimnum

52 1059 87 1100 cx
110 1036 321 1121 Nymphonis
343 1037 545 1102 arationibus
568 1038 664 1106 edicti
687 1059 806 1123 poena,
830 1060 898 1106 non
919 1041 1063 1125 redemp-

23 1141 42 1178 ιο
53 1125 154 1189 tionis
179 1125 290 1208 aliquo
313 1125 384 1190 iure
405 1126 503 1190 tollit.

115 1211 265 1278 Xenonis
277 1212 434 1296 Menaeni,
447 1213 644 1288 nobilissimi
654 1213 807 1298 bominis,
819 1215 930 1281 uxoris
943 1213 1062 1282 fundus
1073 1189 1116 1316 ἐξ

52 1305 122 1366 erat
149 1301 267 1369 colono
290 1301 430 1384 locatus3
457 1303 608 1384 colonus,
627 1302 720 1386 ‚quod
744 1302 994 1371 decumanorum
1017 1305 1062 1371 in·
1117 1299 1121 1306 ⁴

52 1389 153 1454 iuriae
174 1387 261 1452 ferre
282 1409 347 1454 non
371 1393 514 1474 poterat,
537 1411 575 1454 ex
599 1410 679 1475 agro
702 1390 902 1477 profugerat.
944 1391 1061 1458 Verres

53 1477 84 1540 in
106 1475 279 1542 Xenonem
302 1476 455 1544 iudicium
479 1477 578 1545 dabat
600 1478 683 1542 illud
706 1501 798 1544 suum
824 1479 1064 1546 damnatorium

24 1565 89 1628 nde
103 1565 257 1650 iugerum
270 1565 480 1648 professione.
511 1563 604 1632 Xeno
619 1566 660 1641 ad
679 1588 713 1630 se
731 1567 893 1652 pertinere
910 1570 1062 1654 negabat,

53 1651 189 1717 fundum
217 1653 379 1718 elocatum
407 1674 477 1718 esse
501 1653 636 1718 dicebat.
682 1653 793 1719 Dabat
814 1657 878 1720 iste
901 1656 1063 1740 iudicium,

54 1737 86 1806 Si
112 1757 278 1806 osannae
306 1757 541 1808 manasserus
569 1753 679 1806 nonni
706 1760 938 1825 annannssn,
966 1760 1065 1820 cusu

55 1843 214 1894 commus
232 1845 339 1894 ussus
359 1846 563 1912 Pnonnssos,
581 1833 652 1894 tum
670 1829 720 1892 uti
736 1828 828 1894 Xeno
848 1831 1063 1896 damnaretur.

54 1915 193 1996 Dicebat
224 1916 281 1980 illc
307 1937 374 1982 non
400 1917 498 1982 modo
526 1937 560 1982 se
587 1938 653 1980 non
681 1937 805 2000 arasse,
835 1917 869 1982 id
898 1919 983 2000 quod
1010 1923 1063 1982 sat

25 2008 132 2089 norat,
156 2003 214 2069 sed
232 2025 291 2069 nec
310 2004 476 2072 dominum
495 2025 565 2070 esse
589 2004 658 2070 eius
680 2003 772 2076 fundi
794 2025 853 2072 nec
876 2005 1066 2088 locatorem,

55 2092 162 2158 uxoris
182 2113 266 2175 essc3
290 2113 362 2156 eam
380 2093 487 2175 ipsam
506 2114 600 2156 suum
622 2093 790 2177 negotium
813 2113 934 2179 gerere,
956 2093 1065 2178 ipsam

55 2179 221 2246 locavisse.
266 2179 470 2246 Defendebat
492 2179 660 2246 Xenonem
684 2181 783 2246 bomo
807 2202 935 2247 summo
959 2183 1064 2267 splen-

55 2267 129 2333 dore
162 2272 198 2332 et
228 2289 355 2333 summa
385 2268 579 2334 auctoritate
606 2269 787 2352 praeditus,
818 2269 861 2334 M.
885 2269 1064 2336 Cossutius.

55 2353 119 2420 Iste
131 2356 239 2422 nihilo
254 2355 360 2420 minus
373 2356 527 2422 iudicium
540 2353 596 2420 Hs
610 2373 686 2422 Jooo
706 2357 814 2421 dabat.
849 2357 911 2423 Ille
929 2359 1064 2424 tametsi
1148 2358 1157 2366 ’

26 2457 45 2498 2⁵
56 2447 297 2528 recuperatores
316 2444 356 2508 de
374 2445 507 2510 cohorte
526 2445 693 2509 latronum
711 2445 775 2508 sibi
792 2445 902 2529 parari
924 2447 1064 2530 videbat,
1192 2449 1195 2458 '

56 2535 164 2596 tamen
182 2532 336 2596 iudicium
355 2554 389 2596 se
408 2535 615 2616 accepturum
634 2553 704 2596 esse
723 2532 858 2598 dicebat.
895 2533 977 2598 Tum
1000 2534 1062 2599 iste

57 2621 198 2684 maxima
220 2641 298 2685 voce
314 2619 464 2684 Veneriis
486 2620 636 2704 imperat,
658 2623 696 2684 ut
712 2619 805 2685 Xeno
829 2621 963 2704 audiret,
987 2621 1062 2686 dum

57 2728 105 2772 res
136 2708 310 2792 indicetur,
341 2707 505 2772 hominem
537 2712 575 2772 ut
604 2707 789 2791 adservent;
821 2731 893 2773 curn
920 2708 1062 2772 iudicata

57 2795 111 2878 sit,
143 2796 186 2860 ad
216 2817 250 2860 se
277 2799 315 2860 ut
342 2795 515 2878 adducant3
548 2799 582 2860 et
607 2796 690 2860 illud
718 2797 815 2860 simul
843 2797 903 2880 ait,
935 2817 970 2860 se
997 2816 1062 2860 non

25 2888 170 2966 ”putare
194 2883 297 2966 illurn,
320 2883 349 2948 si
371 2888 505 2968 propter
529 2883 659 2948 divitias
682 2906 821 2967 poenam
845 2883 1061 2948 damnationis

58 2975 284 3054 contemneret,
308 2971 407 3036 etiam
426 2971 537 3056 virgas
555 2974 827 3054 contempturum.
862 2969 934 3034 Hac
951 2971 1008 3034 ille
1028 2970 1062 3034 ri

58 3063 89 3122 et
99 3059 161 3124 hoc
175 3064 264 3124 metu
279 3059 435 3123 adductus
450 3063 579 3124 tantum
594 3059 778 3124 decumanis
793 3057 891 3140 dedit,
905 3061 1061 3140 quantum
1135 3117 1136 3120 ,

57 3145 117 3211 iste
139 3147 320 3232 imperavit.
757 3145 759 3151 ’

120 3233 351 3300 Polemarobns
388 3238 438 3300 est
469 3232 709 3319 Murgentinus,
745 3233 796 3299 vir
827 3233 931 3300 bonus
964 3205 1113 3332 atque25{

26 3321 218 3388 ”honestus
267 3321 309 3388 Ei
341 3344 414 3388 cum
444 3344 504 3408 pro
535 3322 702 3408 iugeribus
732 3321 969 3408 quinquaginta
996 3345 1060 3388 me

59 3409 166 3476 dimna
195 3427 265 3477 nco
297 3410 449 3476 decumae
480 3411 732 3495 imperarentur,
763 3411 849 3494 quod
880 3411 1059 3494 recusabat,

59 3495 184 3564 domum
203 3499 244 3564 ad
262 3499 362 3564 istum
380 3499 415 3562 in
433 3499 483 3579 ius
503 3499 635 3563 eductus
654 3501 705 3562 est
724 3502 765 3582 et,
788 3520 861 3564 cum
879 3499 942 3563 iste
961 3499 1058 3564 etiam

2 3647 3 3705 1
793 3600 846 3654 19*

2 3711 3 3762 l
