2470 3936
167 177 234 240 464
467 176 507 230 IN
525 175 553 230 Ο.
567 173 722 229 VERREM
739 169 819 230 AOT.
838 175 872 229 IL

167 341 266 386 naves
288 319 508 404 reliquissent,
537 318 685 385 accedere
707 319 867 404 incipiunt
890 318 961 400 [ad]
984 316 1164 402 Syracusas3

168 409 225 494 qui
238 407 388 474 videlicet
401 429 498 492 saepe
516 407 681 472 audissent
698 407 782 472 nihil
800 427 871 472 esse
889 407 1056 492 pulchrius
1076 429 1165 491 quam

169 496 403 581 Syracusarum
429 496 557 561 moenia
585 517 622 560 ac
644 498 774 579 portus,
801 498 987 560 statuerant
1010 517 1058 580 ae,
1085 493 1167 559 siea

170 586 272 651 Verre
293 588 443 670 praetore
464 605 530 649 uon
552 583 724 667 vidissent,
745 605 924 667 numquam
947 603 1019 648 osse
1039 582 1167 649 visuros.

116 649 158 776 ἓξ
170 674 220 739 Ao
249 674 355 758 primo
387 673 429 738 ad
458 673 518 737 illa
544 671 670 737 aestiva
694 671 856 757 praetoris
885 672 1043 738 accedunt
1069 673 1188 756 ipsamr

169 763 263 828 illam
289 761 330 826 ad
354 763 482 846 partem
504 759 625 844 litoris,
651 759 709 824 ubi
730 759 794 824 iste
816 781 876 844 per
897 781 954 825 eos
978 761 1046 824 dies
1070 761 1169 824 taber-

169 849 294 916 naculis
307 849 424 934 positis
437 851 546 914 eastra
557 847 704 912 luxuriae
717 848 912 913 conlocaret.
935 846 1040 923 Quem
1050 853 1168 934 postea·

170 959 268 1022 quam
278 937 408 1002 inanem
421 936 529 1002 locum
540 935 742 1002 offenderunt
756 938 789 1000 et
801 940 988 1020 praetorem
997 957 1168 1002 commosse

170 1049 209 1092 ex
228 1047 266 1090 eo
284 1027 356 1091 loco
376 1028 485 1091 castra
507 1027 686 1107 senserunt,
709 1024 823 1088 statim
845 1025 915 1088 sine
937 1025 1009 1090 ullo
1032 1029 1120 1090 metu
1138 1025 1168 1088 iu

169 1116 278 1202 ipsum
304 1117 436 1198 portum
461 1116 645 1198 penetrare.
660 1115 842 1197 coeperunt
883 1109 967 1177 Oum
988 1113 1198 1198 inportuno

170 1204 251 1288 dico,
268 1202 398 1285 iudices,
418 1198 670 1286 (explanandum
684 1203 735 1264 est
751 1200 836 1265 enim
855 1200 1048 1287 diligentius
1066 1223 1167 1266 eorum

170 1284 1167 1462 ut?utlutltl‘tltbtbultzffl

169 1471 267 1552 portu
293 1466 376 1530 illud
403 1464 557 1549 oppidum
585 1464 759 1548 clauditur,
786 1464 843 1530 sed
865 1465 946 1530 urbe
968 1470 1084 1550 portus
1105 1466 1165 1550 ipse

171 1554 312 1639 cingitur
331 1556 364 1617 et
382 1552 575 1635 continetur,
597 1556 720 1617 utnon
743 1553 920 1617 adluantur
941 1554 1027 1618 mari
1050 1554 1197 1619 moeniae

118 1651 151 1700 97
172 1646 325 1725 extrema,
349 1640 405 1705 sed
422 1640 493 1724 ipse
510 1640 627 1706 influat
648 1640 684 1704 iu
705 1641 797 1705 urbis
820 1641 928 1706 sinum
948 1645 1075 1727 portua.
1112 1640 1166 1706 Hic

171 1735 205 1796 te
223 1733 374 1816 praetore
391 1727 550 1794 Heracleo
568 1729 676 1815 pirata
698 1751 771 1793 cum
795 1732 951 1812 quattuor
974 1730 1165 1814 myoparoni-

171 1821 232 1886 bus
253 1818 363 1904 parvis
387 1817 428 1882 ad
450 1816 620 1882 arbitrium
644 1837 737 1882 suum
759 1817 937 1903 navigavit.
978 1817 1044 1900 Pro
1066 1819 1097 1884 di
1117 1819 1165 1882 im·

172 1907 340 1972 mortales!
380 1905 536 1990 piraticus
575 1925 745 1990 myoparo,
786 1927 860 1970 cum
897 1906 1028 1990 imperii
1065 1906 1166 1992 populi

170 1995 312 2061 Romani
337 2015 457 2059 nomeu
483 2015 520 2059 ac
541 1992 646 2058 fasces
669 1996 779 2058 essent
801 1990 985 2078 Syracusis,
1011 2016 1111 2080 usque
1132 1993 1196 2059 adn

170 2083 279 2147 forum
293 2081 568 2165 Syracusanorum
587 2084 620 2145 et
638 2081 679 2145 ad
698 2081 802 2145 omnis
821 2082 1001 2166 crepidines
1019 2084 1108 2148 urbis
1124 2105 1166 2148 ac-

172 2171 283 2252 cessit,
325 2191 388 2252 quo
424 2191 528 2252 neque
564 2166 884 2254 Carthaginiensium
920 2171 1165 2257 gloriosissimae

171 2257 306 2339 classes,
333 2277 407 2320 cum
433 2256 516 2320 mari
543 2257 720 2341 plurimum
747 2261 914 2343 poterant,
941 2260 1056 2325 multis
1081 2260 1165 2324 bellis

172 2367 268 2429 saepe
304 2347 439 2409 conatae
475 2365 629 2429 umquam
666 2345 832 2430 adspirare
865 2349 1045 2430 potueruut
1074 2369 1166 2432 neque

170 2433 285 2520 populi
306 2432 446 2497 Romani
472 2431 594 2498 invicta
620 2436 696 2498 ante
722 2436 756 2497 te
783 2437 966 2518 praetorem
991 2435 1097 2521 gloria
1116 2436 1197 2500 illac

96 2531 97 2535 ’
171 2522 299 2588 navalis
334 2542 489 2604 umquam
520 2523 572 2586 tot
601 2520 730 2586 Punicis
763 2518 1050 2608 Siciliensibusque
1081 2524 1165 2590 bellis

171 2613 341 2696 penetrare
372 2608 494 2692 potuit3
526 2608 582 2692 qui
612 2609 703 2673 locus
730 2609 799 2674 eius
826 2611 915 2674 modi
941 2615 1005 2696 est,
1037 2615 1076 2678 ut
1101 2616 1165 2678 ante

172 2697 366 2783 Syracusani
383 2696 418 2760 in
438 2696 606 2761 moenibus
630 2696 706 2780 suis,
728 2697 764 2761 in
784 2698 874 2783 urbe,
897 2699 932 2762 in
952 2698 1025 2765 foro
1049 2701 1166 2766 hostem

173 2789 336 2852 armatum
363 2805 401 2850 ao
426 2784 583 2850 victorem
611 2806 708 2869 quem
730 2784 765 2848 in
786 2789 885 2870 portu
907 2787 1010 2852 ullam
1032 2787 1166 2854 hostium

119 2886 153 2936 98
171 2897 288 2940 navem
305 2873 455 2938 viderint.
490 2872 553 2936 Hic
571 2876 604 2936 te
622 2875 772 2956 praetore
790 2873 989 2957 praedonum
1009 2877 1197 2942 naviculaen

171 2963 369 3048 pervagatae
397 2963 484 3044 sunt,
511 2982 575 3044 quo
594 2958 843 3026 Atheniensium
870 2963 984 3028 classis
1009 2965 1081 3029 sola
1100 2969 1167 3050 post

171 3051 340 3114 hominum
372 3048 561 3113 memoriam
589 3063 653 3113 ccc
680 3049 817 3114 navibus
845 3051 878 3114 vi
906 3073 943 3116 ac
970 3053 1166 3118 multitudine

171 3137 306 3221 invasit3
329 3157 411 3220 quae
428 3137 463 3200 in
484 3157 521 3200 eo
542 3136 616 3221 ipso
637 3141 736 3221 portu
758 3137 822 3202 loci
845 3138 947 3224 ipsius
972 3142 1165 3226 [portusque]

171 3228 290 3288 natura
316 3224 402 3289 victa
429 3228 524 3309 atque
553 3229 705 3308 superata
732 3228 790 3289 est.
839 3225 902 3292 Hie
929 3228 1072 3312 primum
1099 3251 1164 3314 opes

171 3310 260 3372 illius
283 3311 425 3374 civitatis
448 3312 665 3377 comminutae
689 3313 922 3398 depressaeque
945 3320 1034 3402 sunt,
1059 3317 1094 3382 in
1114 3318 1193 3382 hoca

172 3396 270 3476 portu
288 3393 536 3462 Atheniensium
560 3399 757 3482 nobilitatis,
784 3401 926 3487 imperii,
954 3404 1079 3489 gloriae
1100 3427 1164 3470 nau·

120 3483 162 3545 38
171 3476 313 3560 fragium
339 3478 462 3544 factum
486 3485 698 3551 existimatur.
739 3486 831 3553 Eone
853 3491 963 3574 pirata
984 3493 1163 3576 penetravit,
