2386 3938
153 159 217 225 102
323 201 333 214 -
395 160 434 214 IN
453 160 484 226 Q.
505 159 702 216 CAECILIUM
719 159 920 214 DIVINATIO.

151 325 224 370 meo
250 304 362 371 videor
390 309 422 370 et
448 327 515 370 non
542 305 673 370 omnino
702 327 722 370 a
745 303 951 370 defendendis
973 303 1141 368 hominibus

117 393 422 478 osublevandisque
450 393 620 460 discedere.
671 391 794 469 Quodsi
820 393 904 458 hanc
930 414 1059 458 causam
1085 395 1143 455 tan

150 479 314 566 idoneam,
345 485 415 548 tam
442 482 617 566 illustrem,
648 485 717 546 tom
745 503 879 568 grauem
904 502 972 546 non
997 481 1144 561 haberem,

152 569 180 634 si
208 573 264 636 eut
290 571 352 636 hoc
382 593 402 634 a
428 592 480 636 me
503 568 603 636 Siculi
628 591 694 635 non
722 570 883 655 petissent
905 573 962 635 aut
983 569 1063 633 mihi
1084 589 1144 633 cum

152 654 268 724 Siculis
301 679 398 723 causa
430 662 543 723 tantae
573 658 819 724 necessitudinis
850 679 918 722 non
946 657 1163 722 intercederets

152 751 185 810 et
207 745 278 829 hoo,
301 747 386 829 quod
408 745 503 829 facio,
526 769 577 811 me
599 746 647 812 rei
669 746 818 832 publicae
842 767 939 812 causa
959 745 1066 815 ionem
1085 765 1145 829 pro

151 833 274 914 liberer,
296 837 333 897 ut
356 834 453 899 homo
478 835 639 921 singulari
659 835 848 920 eupiditate,
871 833 1019 918 audacia,
1042 834 1145 899 soclere

151 921 331 1004 praeditus,
363 923 452 1004 cuius
484 923 574 988 furta
605 927 702 1008 atque
734 923 860 1008 flagitia
891 945 958 990 non
989 923 1023 986 in
1051 919 1145 986 Sicilia

151 1009 268 1092 solum,
286 1010 342 1075 sed
360 1010 395 1075 in
413 1011 547 1096 Achaia,
565 1011 653 1094 Asia,
671 1010 795 1095 Cilicia,
816 1011 1020 1096 Pamphylia,
1037 1010 1144 1076 Roma

152 1097 290 1182 denique
322 1102 398 1164 ante
425 1100 536 1164 oculos
564 1099 875 1164 omnium-maxima
906 1099 1172 1184 turpissimaqueo

151 1208 330 1269 nossemus,
343 1210 395 1253 me
410 1192 527 1273 agente
540 1187 575 1251 in
588 1187 742 1252 iudicium
755 1190 935 1270 vocaretur,
948 1187 1022 1271 quis
1030 1185 1145 1252 tandem

152 1278 247 1352 esset
266 1275 321 1360 qui
339 1297 448 1341 meum
465 1275 588 1341 factum
609 1279 665 1340 aut
679 1275 851 1341 consilium
864 1278 977 1360 posset
990 1274 1146 1362 reprehen-

112 1341 133 1467 ξ
152 1361 249 1428 dere?
286 1362 369 1454 Quid
388 1367 447 1447 est,
469 1386 528 1448 pro
547 1364 643 1429 deum
660 1363 891 1448 hominumque
909 1363 1022 1428 fidem!
1044 1363 1146 1446 inquo

152 1471 212 1534 ego
239 1451 286 1516 rei
314 1451 463 1536 publicae
485 1453 559 1536 plus
582 1452 644 1518 hoc
665 1455 813 1538 tempore
834 1451 989 1536 prodesse
1016 1447 1146 1538 possim?

152 1538 229 1621 quid
247 1543 308 1622 est,
325 1539 411 1623 quod
434 1543 491 1604 aut
508 1541 631 1625 populo
649 1540 797 1607 Romano
819 1540 944 1626 gratius
959 1561 1032 1606 esse
1046 1539 1146 1604 debeat
1157 1555 1173 1596 s

151 1630 209 1692 aut
236 1627 332 1692 sociis
359 1628 541 1712 exterisque
568 1629 756 1695 nationibus
783 1628 928 1714 optatius
957 1651 1029 1695 esse
1057 1625 1147 1714 possit

152 1719 209 1780 out
237 1716 337 1780 saluti
358 1715 567 1801 fortunisque·
585 1717 730 1782 omniurn
753 1717 858 1802 magis
882 1719 1146 1784 adcommodatum

151 1804 217 1869 sit?
262 1799 451 1890 Populat'ae,
473 1809 622 1890 vexatae,
643 1806 789 1873 funditus
813 1827 944 1870 eversae
965 1804 1147 1890 provinciae,

151 1893 231 1958 socii
268 1893 533 1980 stipendiariique
568 1894 682 1980 populi
712 1894 852 1962 Romani
887 1893 1016 1979 afflicti,
1052 1889 1147 1960 miseri

150 1981 217 2047 iam
243 2004 309 2047 non
336 1983 454 2047 salutis
481 2004 587 2068 spem,
613 1982 668 2049 sed
696 1983 853 2049 solacium
878 1982 969 2047 exitii
992 1982 1174 2067 quaerunt-2⁰

93 2083 95 2088 '
116 2088 132 2136 8
151 2067 212 2144 Qui
240 2070 358 2135 iudicia
386 2092 515 2135 manere
538 2071 624 2157 apud
646 2071 791 2136 ordinem
815 2071 1015 2137 senatorium
1038 2070 1148 2148 volunt,

151 2160 329 2240 queruntur
360 2161 564 2224 accusatores
597 2181 631 2224 se
663 2159 796 2226 idoncos
831 2181 900 2225 non
934 2160 1070 2244 habere3
1103 2154 1147 2241 qui

104 2270 107 2277 ·
150 2265 300 2310 accusare
327 2250 477 2330 possunt,
509 2247 701 2314 iudiciorum
728 2248 935 2314 severitatem
967 2248 1147 2313 desiderant

149 2331 294 2415 Populus
317 2331 484 2401 Romanus
508 2335 633 2402 interea
655 2337 788 2402 tametsi
810 2337 923 2402 multis
946 2331 1146 2403 incommodis

149 2419 460 2508 difficultatibusque
490 2423 623 2489 affectus
652 2429 715 2510 est,
746 2429 857 2491 tamen
885 2423 969 2490 nihil
997 2445 1097 2510 aeque
1119 2421 1174 2485 ins

148 2530 184 2574 re
207 2509 338 2594 publica
360 2514 458 2596 atquo
479 2513 571 2577 illam
594 2515 737 2580 veterem
759 2513 950 2579 iudiciorum
968 2514 1036 2579 vim
1056 2508 1148 2600 graui·

148 2601 315 2684 tatemque
337 2601 482 2684 requirit.
517 2599 714 2667 ludieiorum
732 2601 890 2667 desiderio
908 2601 1084 2668 tribunicia
1099 2617 1147 2684 po-

149 2690 253 2752 testas
277 2687 458 2774 efflagitata
481 2692 540 2772 est,
564 2688 757 2756 iudiciorum
778 2691 914 2756 levitate
933 2690 1012 2756 ordo
1032 2705 1147 2776 quoque

149 2775 233 2840 alius
252 2776 293 2841 ad
311 2799 362 2841 res
381 2777 568 2843 iudicandas
582 2780 777 2864 postulatur,
795 2779 936 2845 iudicum
951 2779 1146 2864 culpantque

149 2863 301 2930 dedecore
325 2865 425 2930 etiam
443 2867 624 2932 censorium
641 2889 769 2951 nomen,
793 2867 878 2952 quod
897 2868 1043 2951 asperius
1062 2869 1175 2931 antean

148 2954 270 3038 populo
292 2952 394 3018 rideri
417 2954 554 3037 solebat,
576 2954 610 3018 id
631 2977 716 3022 nunc
738 2955 892 3041 poscitur,
913 2955 947 3020 id
969 2955 1036 3021 iem
1058 2971 1146 3040 popu·

113 3059 128 3106 a
148 3040 216 3105 lore
235 3045 268 3106 et
286 3042 459 3126 plausibile
477 3042 601 3109 factum
620 3048 678 3109 est.
714 3043 753 3108 In
766 3044 827 3109 hac
841 3044 976 3108 libidine
988 3043 1145 3109 hominum

147 3129 464 3216 nocentissimorum,
494 3131 530 3196 in
556 3133 670 3217 populi
696 3131 836 3198 Romani
863 3131 1026 3198 cotidiana
1054 3125 1145 3216 queri·

147 3215 270 3298 monia,
302 3217 493 3286 iudiciorum
521 3219 669 3306 infamia,
700 3222 802 3288 totius
830 3219 952 3286 ordinis
980 3219 1144 3285 offensione

147 3325 220 3368 cum
251 3303 313 3369 hoo
345 3327 444 3372 unum
475 3307 527 3371 his
559 3311 611 3373 tot
640 3307 852 3374 incommodis
879 3308 1056 3375 remedium
1084 3317 1179 3394 essee,

89 3427 93 3436 ·
147 3390 339 3474 arbitrarer,
365 3397 403 3457 ut
429 3394 577 3460 homines
604 3395 713 3462 idonei
745 3401 843 3480 atque
873 3397 995 3483 integri
1026 3409 1145 3462 causam
1178 3395 1179 3436 l

146 3477 194 3541 rei
221 3478 369 3560 publicae
397 3481 571 3566 legumque
598 3485 811 3570 susciperent,
837 3484 943 3551 fateor
966 3505 1018 3550 me
1041 3477 1145 3549 salutis
1178 3551 1179 3554 Ἴ
