2402 3936
293 152 361 206 Lm.
379 151 419 206 111
450 153 528 209 car.
549 159 591 222 ιι,
611 159 644 209 ιι
662 159 677 220 e
696 159 809 210 ar-er.
986 159 1049 220 281

105 296 221 379 Atque
247 300 286 361 nt
312 296 528 382 intellegatis,
559 297 649 362 euius
676 296 765 363 modi
790 297 857 362 ista
877 296 996 364 iudicia
1017 298 1052 362 in
1069 311 1103 362 aa

40 384 227 469 octuplum,
250 384 340 450 cuius
363 383 451 449 modi
474 384 569 449 istius
592 384 630 451 de
653 385 786 451 cohorte
809 390 1051 470 recuperatores

41 471 224 537 existimati
256 473 336 556 sint,
370 473 416 537 sio
435 472 616 538 attendite
663 472 808 558 Ecquem
840 474 1052 540 decumanum

39 561 168 644 putatis
196 560 260 626 hac
282 561 415 626 licentia
436 561 610 645 permissa,
635 565 824 626 attentum
846 561 889 627 ab
912 565 1052 646 aratore,

19 652 204 732 equantum
224 648 440 733 poposcisset,
463 648 619 732 auferret,
641 649 729 734 plus,
751 671 849 734 quarn
872 649 1054 734 deberetur,

40 737 256 820 poposcisse?
301 734 511 802 Considerate
538 757 612 802 cum
638 737 756 802 vestris
783 737 901 803 animis
923 740 1052 803 vosmet

41 825 116 908 ipsi,
146 845 284 908 ecquem
310 824 446 910 putetis,
472 824 666 910 praesertim
693 847 767 890 cum
793 826 828 890 id
853 845 921 890 non
945 825 1052 890 solum

42 911 193 996 avaritia,
206 912 373 978 sedetiam
383 912 589 997 inprudentia
600 913 742 991 accidere
753 913 907 998 potuerit.
928 912 1052 978 Multos

41 1021 174 1064 necesse
199 1003 259 1065 est
299 1001 346 1066 At
368 1021 429 1085 ego
453 1001 557 1065 omnis
581 1000 652 1066 dieo
674 1001 759 1085 plus,
781 1023 818 1066 ac
841 1001 946 1065 multo
969 1002 1053 1084 plus,

13 1109 141 1172 requam
156 1087 326 1152 decumam
341 1088 525 1152 abstulisse
549 1085 635 1153 Gedo
649 1089 731 1152 mihi
744 1109 844 1153 unum
858 1109 898 1152 ex
909 1087 1051 1152 triennio

43 1180 219 1276 praeturae
236 1179 322 1276 tuae,
345 1175 401 1260 qui
420 1175 544 1260 octupli
562 1176 733 1242 damnatus
757 1176 809 1239 sit.
844 1174 1052 1239 Damnatus?

43 1264 143 1327 immo
171 1283 266 1344 vero,
292 1261 327 1326 in
354 1284 450 1347 quem
475 1262 631 1328 iudicium
658 1285 697 1328 ex
724 1262 829 1328 edicto
857 1267 914 1327 tuo
936 1266 1052 1363 postu·

44 1351 149 1415 latum
163 1350 219 1414 sit
254 1347 359 1416 Nemo
374 1355 446 1416 erat
462 1351 613 1416 videlicet
632 1354 808 1434 aratorum,
826 1349 883 1434 qui
899 1350 1052 1414 iniuriam

45 1437 104 1502 sibi
136 1437 264 1502 iactam
296 1437 387 1522 queri
417 1443 542 1523 posset,
572 1460 668 1504 nemo
700 1439 964 1520 decumanorum,
996 1437 1053 1521 qui

15 1546 148 1610 agrano
171 1525 323 1610 amplius,
346 1547 443 1609 quam
467 1527 531 1592 sibi
553 1526 731 1610 deberetur,
753 1526 864 1592 deberi
885 1525 1052 1611 professus

45 1617 138 1678 esset.
194 1611 301 1678 Immo
336 1635 413 1679 vero
449 1617 564 1679 contre
598 1615 749 1698 rapiebat
785 1619 819 1679 et
850 1615 1053 1698 asportabat,

45 1706 205 1784 quantum
223 1721 388 1785 equoque
409 1702 551 1786 volebat,
573 1701 747 1785 Apronius,
769 1702 918 1767 omnibus
942 1706 1051 1766 autem

45 1789 123 1854 locis
153 1793 301 1854 aratores
328 1789 461 1873 spoliati
489 1811 526 1854 ae
552 1789 662 1854 vexati
689 1790 922 1873 querebantur,
947 1809 1052 1871 neque

47 1881 155 1942 tamen
173 1877 281 1940 ullum
302 1876 456 1942 iudicium
477 1877 665 1962 reperietur.
705 1873 789 1951 Quid
812 1880 863 1940 est
884 1875 968 1940 hoc?
999 1879 1053 1938 tot
1069 1880 1105 1930 ³0

18 1965 103 2030 ariri
130 1963 251 2046 fortes,
281 1962 424 2049 honesti,
451 1965 602 2050 gratiosi,
628 1968 682 2030 tot
707 1962 820 2048 Siculi,
846 1966 899 2028 tot
926 1963 1051 2047 equites

47 2052 186 2118 Romani
218 2052 261 2117 ab
291 2051 423 2118 homine
451 2053 651 2136 nequissimo
684 2073 722 2117 ac
752 2050 942 2136 turpissimo
970 2050 1053 2115 laesi

47 2161 184 2224 poenam
203 2139 326 2224 octupli
345 2138 415 2204 sine
436 2139 507 2204 ulla
529 2139 733 2206 dubitatione
755 2139 963 2206 commissam
985 2159 1052 2203 non

47 2226 344 2312 persequebantur?
376 2249 458 2311 quae
488 2249 599 2312 causa,
631 2249 714 2313 quae
742 2228 827 2294 ratio
857 2227 929 2292 est?
977 2225 1053 2292 Una

47 2316 114 2400 illa,
141 2315 280 2398 iudices,
307 2337 405 2399 quam
430 2315 563 2400 videtis,
590 2317 678 2400 quod
702 2317 791 2381 ultro
814 2315 914 2382 etiam
936 2315 1052 2380 illusos

20 2423 79 2467 sse
96 2408 130 2468 et
152 2404 269 2468 irrisos
292 2403 334 2467 ab
356 2402 474 2469 iudicio
498 2403 695 2470 discessuros
717 2403 881 2469 videbant.
920 2402 1053 2468 Etenim

50 2491 131 2574 quod
155 2495 246 2556 esset
265 2489 433 2576 iudicium,
459 2512 533 2556 cum
556 2513 595 2556 ex
612 2491 726 2556 Verris
749 2490 939 2576 turpissimo
963 2491 1053 2576 flagi·

49 2579 288 2661 tiosissimoque
307 2579 465 2644 comitatu
482 2582 550 2643 tres
568 2583 833 2664 recuperatorum
850 2579 982 2645 nomine
1003 2597 1052 2641 as-

51 2667 206 2732 sedissent
231 2665 401 2732 adseculae
422 2666 518 2731 istius
540 2688 608 2732 non
630 2689 650 2732 a
671 2670 766 2752 patre
789 2667 819 2732 ei
841 2666 967 2749 traditi,
995 2664 1051 2729 sed

51 2774 69 2816 a
88 2755 296 2820 meretricula
323 2753 561 2820 commendati?
601 2754 725 2840 Ageret
747 2753 898 2820 videlicet
920 2773 1050 2819 oausam
1070 2757 1102 2805 31

22 2846 167 2924 amator,
187 2842 272 2906 nihil
294 2841 358 2907 sibi
379 2841 535 2907 frumenti
558 2842 600 2907 ab
615 2842 761 2927 Apronio
784 2843 942 2923 relietum,
965 2842 1051 2905 bona

52 2949 105 2993 sus
118 2930 218 2995 etiam
237 2930 373 3015 direpta,
391 2951 426 2994 se
444 2930 611 3015 pulsatum
629 2931 899 3013 verberatumque
917 2928 1052 3012 diceret3

52 3016 230 3082 conferrent
260 3017 323 3083 viri
353 3018 431 3082 boni
463 3016 585 3101 capita,
615 3018 654 3082 de
685 3017 912 3084 comissatione
941 3015 1052 3099 loque·

52 3109 158 3168 rentur
179 3105 266 3170 inter
289 3125 324 3170 se
347 3127 384 3170 ao
407 3106 446 3170 de
468 3105 680 3189 mulierculis,
703 3106 835 3206 siquas
859 3125 878 3167 a
900 3108 1052 3188 praetore

53 3191 195 3258 abeuntis
209 3197 344 3278 possent
362 3193 612 3277 deprehendere;
630 3215 682 3258 res
701 3213 756 3278 agr
747 3191 945 3258 videretur.
977 3191 1052 3257 Sur·

24 3280 365 3365 erexissetApronius,
382 3302 467 3348 nora
482 3280 625 3367 dignitas
638 3279 813 3365 publicani,
830 3300 896 3345 non
909 3284 947 3344 ut
961 3279 1052 3346 decu·

4 3429 5 3432 ,
54 3387 162 3432 manus
192 3368 354 3470 squaloris
385 3369 501 3453 plenus
533 3390 570 3433 ac
601 3368 759 3453 pulveris,
791 3365 848 3433 sed
876 3369 1052 3454 unguentis

56 3454 178 3541 oblitus,
198 3459 276 3522 rino
293 3455 480 3543 vigiliisque
498 3455 686 3541 languidus3
709 3457 818 3522 omnia
835 3455 941 3541 primo
961 3459 1052 3522 motu
