2422 3952
165 148 210 210 42
333 145 405 201 PRO
424 146 502 201 SEX
520 145 653 203 uosclo
671 145 841 201 AMERINO
860 146 1004 202 ORATIO.

166 291 240 376 ilsslr
261 313 336 356 ⁰⁰³1
355 295 519 376 cuperent,
540 311 607 355 non
624 279 801 375 pituerunt
820 293 973 376 occidere,
996 311 1070 358 eum
1088 292 1171 378 iugu-

167 379 300 445 landum
321 380 415 445 vobis
437 379 649 444 tradiderunt.

116 467 156 528 11
233 467 319 546 Quid
344 469 486 554 primum
513 489 630 552 querar
656 471 714 532 sut
741 468 825 532 unde
847 469 1070 553 potissimum,
1101 469 1172 533 iudi-

167 579 235 642 ces,
264 557 374 623 ordiar
400 562 458 621 aut
485 556 572 640 quod
598 560 656 620 sut
682 577 703 620 s
726 556 844 640 quibus
867 556 1025 622 auxilium
1047 557 1172 640 petam?

168 647 342 712 deorumne
364 644 614 727 immortalium,
635 645 791 729 populine
813 643 963 730 Romani,
985 649 1188 726 vestramne,

168 735 224 819 qui
251 755 412 798 summurn
438 737 638 817 potestatem
658 732 789 797 habetis
812 733 874 798 hoc
896 738 1058 818 tempore,
1086 733 1173 797 fidem

114 846 151 895 30
168 822 364 907 implorem?
407 819 507 886 Pster
529 822 653 886 occisus
675 821 812 905 nefarie,
841 821 957 886 domus
981 823 1117 887 obsessa
1138 822 1171 885 ab

168 910 317 992 inimicis,
339 911 427 974 bona
444 909 606 994 adempta,
627 929 788 993 possessa,
810 909 946 993 direpte,
969 909 1031 974 filii
1048 911 1120 974 vite
1135 910 1173 972 iu-

168 1000 268 1083 festa,
295 1005 397 1083 saepe
424 997 513 1062 ferro
542 1002 641 1080 atque
667 997 794 1062 insidiis
822 997 977 1082 adpetita.
1028 997 1114 1074 Quid
1138 998 1172 1060 ab

168 1089 221 1154 his
236 1092 288 1154 tot
305 1087 474 1152 maleficiis
492 1085 623 1152 sceleris
640 1086 757 1150 obesse
774 1085 925 1150 ridetur?
958 1085 1085 1152 'Pernen
1103 1087 1172 1150 haec

169 1177 244 1242 aliis
265 1176 400 1241 nefariis
422 1176 591 1241 cumulant
613 1178 712 1258 atque
735 1173 910 1260 adaugent,
934 1175 1059 1240 crimen
1081 1175 1171 1240 incre

169 1265 270 1330 dibile
284 1265 483 1350 confingunt,
502 1267 603 1328 testes
616 1263 652 1327 in
669 1262 755 1327 hunc
773 1267 807 1328 et
824 1265 1030 1328 accusatores
1048 1263 1172 1328 huiusce

168 1353 305 1438 pecunia
332 1356 535 1435 comparaut3
563 1351 647 1416 hauc
676 1350 896 1416 condicionem
919 1351 1041 1416 misero
1066 1352 1171 1430 ferunt

168 1447 206 1507 ut
229 1443 336 1525 optet,
356 1444 467 1504 utrum
490 1439 584 1503 malit
606 1439 745 1504 eervices
770 1440 806 1503 Τ.
828 1438 947 1503 Roscio
970 1440 1049 1504 dere
1073 1462 1116 1504 su
1134 1439 1172 1501 in·

169 1532 262 1594 sutus
280 1529 316 1592 in
332 1527 473 1591 culleum
491 1548 551 1611 per
568 1547 731 1592 summum
746 1527 881 1592 dedecus
899 1527 1003 1591 vitam
1022 1529 1172 1593 emittere.

168 1616 330 1682 Patronos
347 1615 424 1679 huic
442 1613 609 1680 defuturos
627 1619 838 1699 putaverunt3
856 1615 986 1699 desunt;
1005 1617 1064 1700 qui
1081 1616 1171 1680 libere

169 1705 270 1789 diest,
298 1704 355 1788 qui
380 1724 455 1768 cum
480 1702 544 1767 lide
571 1702 735 1787 defendat,
764 1704 798 1767 id
825 1703 911 1788 quod
937 1704 973 1768 in
999 1703 1063 1770 hac
1086 1722 1172 1768 cause

170 1794 252 1860 sctis
279 1797 342 1876 est,
375 1791 542 1877 [quonism
570 1791 701 1875 quidem
727 1792 866 1876 suscepi]
896 1813 963 1856 non
990 1792 1083 1857 deest
1110 1811 1171 1874 pro

116 1902 151 1951 31
170 1883 264 1967 lecto,
284 1881 415 1946 iudices.
450 1880 496 1946 Et
512 1881 653 1944 forsitan
669 1881 705 1945 in
722 1879 926 1965 suscipienda
942 1901 1043 1944 censs
1061 1885 1172 1944 temere

169 1972 328 2056 impulsus
352 1969 571 2033 adulescentia
592 1969 738 2052 fecerim3
761 1968 1064 2053 quoniamquidem
1083 1965 1186 2033 semel

170 2059 307 2142 suscepi,
329 2057 406 2120 licet
427 2056 575 2121 hercules
593 2057 733 2140 undique
751 2077 862 2121 omnes
881 2057 1065 2122 inmineant
1083 2061 1171 2120 terro·

170 2167 223 2209 res
247 2144 454 2229 periculoque
476 2143 685 2227 impendeant
708 2145 831 2227 omnis,
866 2165 1054 2210 succurram
1087 2148 1172 2226 etque

170 2231 297 2298 subibo.
341 2228 475 2295 Certum
498 2235 549 2295 est
571 2231 858 2317 deliberatumque,
881 2254 963 2315 quae
985 2233 1028 2297 ad
1052 2237 1189 2324 causum}

169 2320 332 2405 pertinere
364 2318 521 2403 arbitror,
553 2321 663 2385 omnia
691 2342 758 2386 non
788 2319 884 2386 modo
918 2321 1038 2404 dicere,
1071 2339 1171 2387 verum

170 2408 271 2473 etiem
297 2407 450 2491 libenter,
482 2406 636 2474 audacter
662 2409 826 2492 libereque
855 2407 974 2491 dicere;
1003 2411 1100 2475 nulls
1128 2425 1171 2470 res

169 2501 265 2562 tants
291 2495 439 2578 exsistet,
466 2495 601 2579 iudices,
628 2499 665 2560 ut
691 2496 797 2581 possit
824 2497 890 2560 vim
917 2497 998 2561 mihi
1025 2500 1173 2572 maiorem

117 2606 151 2654 ss
171 2584 324 2651 adbibere
351 2588 457 2648 metus
485 2606 584 2668 quam
605 2583 695 2648 fides.
739 2583 871 2649 Etenim
893 2585 966 2668 quis
988 2589 1061 2650 tarn
1084 2587 1171 2650 disse

170 2676 241 2740 luto
260 2673 369 2738 animo
387 2677 448 2756 est,
470 2672 526 2755 qui
547 2672 629 2739 hsec
650 2693 725 2737 cum
745 2672 864 2756 videet,
887 2677 994 2739 tacere
1015 2695 1054 2738 sc
1077 2667 1189 2758 negle}

171 2784 247 2849 gere
280 2761 408 2847 possit?
461 2759 593 2825 Patrem
625 2781 746 2846 meum,
777 2781 851 2824 cum
881 2762 1087 2846 proscriptus
1116 2773 1189 2824 11011Ξ

170 2856 269 2934 esset,
296 2849 484 2937 iugulsstis,
511 2849 652 2912 occisum
675 2849 710 2913 in
732 2849 989 2934 proscriptorum
1011 2807 1189 2932 numerumi

170 2939 360 3022 rettulistis,
389 2958 443 3002 me
470 2936 567 3001 domo
589 2957 663 3001 mea
691 2957 750 3022 per
777 2937 844 3002 vim
871 2937 1057 3022 expulistis,
1084 2933 1171 3024 petri·

171 3027 317 3090 monium
356 3047 465 3090 meum
504 3024 687 3108 possidetis.
750 3023 834 3098 Quid
874 3025 975 3090 vultis
1019 3020 1189 3111 ampliusb

171 3112 312 3177 etiamne
340 3113 381 3177 sd
408 3111 565 3178 subsellia
592 3133 665 3177 cum
692 3111 779 3177 ferro
808 3115 907 3197 etque
933 3113 1008 3178 telis
1038 3111 1171 3188 venistis,

121 3202 208 3309 l2ut
230 3199 284 3264 hic
307 3205 364 3264 eut
385 3200 541 3286 iuguletis
565 3205 622 3266 cut
645 3201 863 3265 condemnetis
887 3198 958 3265 Sex.
977 3199 1147 3268 Roscium?
1188 3203 1189 3280 ζ

118 3324 152 3372 33
236 3285 412 3352 Hominem
432 3287 531 3374 longe
555 3287 805 3354 audacissimum
826 3310 931 3373 nuper
952 3289 1123 3356 habuimus
1143 3286 1189 3374 int

172 3373 305 3438 civitate
332 3371 367 3436 Ο.
393 3373 574 3439 Fimbriam
602 3380 648 3460 et,
676 3374 762 3462 quod
791 3377 878 3440 inter
904 3397 1016 3442 omues
1045 3377 1189 3454 constet:

170 3459 334 3526 nisiinter
353 3479 417 3536 eos,
437 3461 493 3544 qui
510 3462 575 3545 ipsi
593 3483 720 3545 quoqne
738 3463 914 3548 insaniunt,
932 3465 1170 3532 insanissimum.
