2470 3936
292 193 360 249 ΙιΙΒ.
374 191 401 247 V
431 193 509 249 CAP.
528 199 632 250 ere-41
652 201 667 261 9
686 199 835 252 101-106.
1008 195 1073 260 467

65 341 224 423 poterone
237 337 382 402 animum
396 337 564 402 advertere
577 337 613 402 in
626 359 691 424 eos,
710 359 791 422 quos
806 338 892 405 dicto
907 339 1073 406 audientes

66 445 138 490 esse
164 425 260 510 inni,
285 425 423 491 missum
449 425 555 490 facere
581 445 668 511 eum,
694 427 772 511 quoi
793 431 993 514 potestatem
1015 429 1074 493 im-

64 513 256 600 periumque
287 513 442 599 permisi?
478 517 634 600 poterone
666 535 722 580 eos
748 515 877 581 afficere
904 516 1074 601 supplicio,

65 603 121 686 qui
149 601 344 668 Cleomenen
372 602 475 668 secuti
501 605 591 687 sunt,
616 603 784 689 ignoscere
811 602 989 689 Cleomeni,
1018 604 1075 688 qui

39 709 175 756 ssorum
197 689 311 777 lugere
332 693 367 756 et
389 711 425 755 se
446 691 600 775 consequi
621 691 740 758 iussit?
766 696 923 777 poterone
945 714 1016 758 esse
1038 692 1074 757 in

65 800 121 844 eos
139 778 325 862 vehemens,
347 779 403 863 qui
421 779 515 844 navis
537 799 604 844 non
626 779 723 845 modo
745 779 858 846 inanes
880 781 1073 864 habuerunt,

65 867 122 932 sed
150 865 250 932 etiam
276 870 421 952 apertas,
446 867 482 931 in
509 887 582 931 eum
608 867 800 952 dissolutus,
826 869 882 952 qui
905 870 995 934 solus
1017 869 1073 934 ha-

63 955 174 1021 buerit
187 959 388 1021 consuetam
400 975 517 1021 narem
531 957 565 1018 et
582 954 690 1020 minus
708 953 928 1023 exinanitam?
955 957 1073 1023 Pereat

65 1041 255 1109 Cleomenes
291 1041 381 1108 nnal’
433 1039 500 1108 Ubi
530 1039 624 1126 fides,
659 1039 717 1108 ubi
748 1045 980 1130 execrationes,
1015 1046 1073 1109 ubi

28 1150 52 1190 ιο
65 1132 217 1197 dexterae
238 1129 489 1218 conplexusque,
510 1131 569 1195 ubi
588 1130 672 1196 illud
694 1133 940 1198 contubernium
961 1133 1073 1198 mulie

64 1221 134 1285 bris
157 1218 295 1284 militiae
316 1220 352 1284 in
373 1219 433 1284 illo
456 1219 687 1284 delicatissimo
710 1220 829 1287 litore?
871 1219 958 1286 Fieri
978 1222 1071 1287 nullo

64 1308 163 1375 modo
180 1311 321 1394 poterat,
339 1307 418 1391 quin
429 1303 598 1373 Cleomeni
615 1311 810 1392 parceretur.
841 1306 948 1374 Vocat
963 1307 1053 1375 Cleo·
1072 1321 1124 1374 105

64 1417 195 1481 menen,
230 1395 310 1462 dicit
341 1395 371 1460 ei
402 1413 437 1460 se
473 1395 628 1460 statuisse
665 1396 809 1461 animum
822 1465 827 1476 ‚
841 1397 1008 1463 advertere
1036 1399 1073 1463 in

65 1485 172 1552 omnis
202 1483 399 1568 nauarchos3
428 1483 478 1548 ita
509 1483 560 1548 sui
589 1481 725 1570 periculi
751 1485 895 1550 rationes
920 1485 1006 1551 ferre
1034 1509 1072 1552 ac

29 1574 242 1658 apostulus.
282 1571 374 1636 ‘Tibi
400 1571 457 1636 uni
483 1593 615 1658 parcam
643 1576 677 1637 et
702 1573 813 1656 potius
838 1573 936 1639 istius
957 1574 1072 1658 culpae

64 1662 188 1729 crimen
233 1660 570 1748 vituperationemque
614 1660 852 1726 inconstantiae
896 1663 1071 1747 suscipiam

64 1771 164 1834 quam
182 1748 292 1814 autin
309 1752 343 1812 te
362 1748 424 1813 sim
442 1747 581 1814 crudelis
600 1751 657 1812 aut
678 1751 730 1813 tot
751 1752 821 1813 tam
844 1750 953 1834 maris
976 1751 1072 1814 testis

63 1839 158 1904 vivos
183 1835 426 1920 incolumesque
453 1855 524 1901 esse
550 1834 681 1921 patiar?
720 1834 803 1920 Agit
830 1837 954 1922 gratias
980 1835 1072 1903 Cleo

64 1947 189 2010 menes,
220 1925 380 2010 adprobat
411 1923 595 2008 consilium,
627 1923 704 1988 dicit
734 1923 784 1989 ita
811 1924 883 1988 fieri
912 1929 1072 2011 oportere,

29 2033 52 2072 ιο
65 2016 219 2081 admonet
245 2017 356 2078 tamen
376 2012 587 2098 illud,'quod
608 2013 710 2076 istum
731 2011 876 2098 fugerat,
898 2013 935 2076 in
955 2013 1072 2079 Phala-

65 2125 165 2187 crum,
179 2099 426 2188 Centuripinum
438 2100 647 2184 nauarchum,
659 2121 726 2166 non
738 2121 835 2184 posse
849 2100 1071 2186 animadverti,

63 2196 240 2278 propterea
275 2189 361 2274 quod
397 2211 505 2256 seeum
540 2209 607 2254 una
639 2187 757 2264 fuisset
792 2189 827 2252 in
861 2187 1072 2275 Centuripina

65 2278 271 2366 quadriremi.
307 2277 391 2355 Quid
409 2277 510 2363 ergo?
531 2277 595 2342 iste
612 2277 712 2342 homo
731 2297 770 2342 ex
793 2277 860 2341 eius
883 2278 972 2343 modi
995 2278 1072 2344 oiri-

64 2373 149 2450 tate,
172 2367 360 2432 adulescens
380 2364 617 2448 nobilissimus,
640 2365 735 2430 testis
758 2365 981 2448 relinquetur?
1022 2365 1072 2430 ‘In

30 2453 275 2542 aptassentia',
305 2452 413 2538 inquit
439 2451 641 2536 Cleomenes,
671 2451 841 2536 ‘quoniam
867 2453 916 2524 ita
941 2473 1072 2518 necesse

65 2549 129 2629 est3
154 2544 210 2609 sed
227 2545 303 2628 post
320 2540 445 2626 aliquid
462 2541 652 2624 videbimus,
674 2559 715 2604 ne
737 2538 801 2604 iste
822 2538 918 2604 nobis
940 2543 1071 2625 opstare

87 2631 192 2700 ossit’

64 2657 85 2719 P
129 2719 223 2786 Haec
235 2722 450 2806 posteaquam
465 2720 539 2782 acta
556 2719 590 2781 et
608 2715 788 2782 constituta
805 2718 890 2799 sunt,
907 2715 1053 2800 procedit
1073 2677 1124 2803 lh}

62 2811 127 2875 iste
141 2812 273 2894 repente
286 2829 303 2872 e
316 2804 479 2891 praetorio
493 2804 713 2870 inflammatus
727 2803 856 2887 scelere,
868 2803 987 2887 furore,
1001 2823 1071 2868 cru-

28 2914 51 2956 ⁸⁰
64 2898 214 2980 delitate;
231 2897 266 2960 in
278 2897 387 2960 iorum
399 2893 498 2976 venit,
515 2892 696 2959 nauarchos
712 2892 767 2973 [ad
781 2894 829 2973 se]
846 2891 956 2957 vocari
972 2891 1071 2956 iubet.

63 2985 128 3063 Qui
145 2985 229 3050 nihil
247 2987 438 3068 metuerent,
460 2981 542 3047 nihil
562 2981 811 3066 auspicarentur,
834 2979 949 3044 statim
966 2999 1072 3044 accur·
1097 2995 1104 3012 ‘

62 3079 151 3141 runt.
182 3073 249 3139 Iste
263 3069 451 3138 hominibus
464 3070 593 3136 miseris
605 3067 831 3135 innocentibus
844 3067 922 3132 inici
940 3071 1071 3138 catenas

61 3164 213 3316 impii
234 3159 503 3315 deimhdl
524 3155 958 3312 tthttttthlt
979 3155 1071 3308 ”sl

28 3273 203 3407 calidiori
230 3270 448 3424 pidedoiribus
470 3334 695 3421 prodidissent.
736 3329 791 3398 Fit
814 3265 1007 3398 elamor'eeq
1015 3331 1071 3396 ad-

62 3428 198 3495 miratio
227 3425 342 3512 populi
373 3428 501 3490 tantam
533 3443 603 3489 esse
629 3423 664 3487 in
690 3420 822 3486 homine
847 3419 1070 3504 inpudentiam

63 3522 162 3604 atque
190 3514 372 3598 audaciam,
398 3517 437 3578 ut
463 3515 521 3578 aut
546 3511 620 3577 aliis
643 3529 773 3577 causam
797 3507 994 3574 calamitatis
1017 3506 1071 3571 ad-

800 3611 858 3667 30*
