2404 3928
1060 11 1120 37 “-“

163 158 230 222 340
470 152 875 208 mumdum

163 301 240 366 Non
265 301 348 365 mibi
372 300 440 364 ism
465 298 604 381 lutum,
630 297 688 362 sed
713 301 896 363 monstrum
922 319 960 363 ao
984 295 1173 383 prodigium

163 390 336 454 ridebatur
353 388 522 453 eiritbtum
544 387 746 450 frumentum
767 386 960 471 improbare,
982 406 1076 450 suum
1100 408 1174 471 pro

163 479 257 562 bere,
278 501 352 544 eum
370 499 466 542 suum
486 475 674 561 probasset,
696 475 838 560 pretium
860 475 891 538 ei
912 473 1075 538 frumento
1101 496 1174 539 eon·

165 570 315 648 stimme,
341 565 427 648 quod
454 564 691 646 constituisset,
718 562 752 626 id
779 585 799 626 a
825 562 1013 627 civitatibus
1036 560 1175 646 auferre,

165 656 252 740 quod
274 677 294 718 a
315 654 438 738 populo
460 651 610 716 Romano
632 652 824 736 seeepisset,
846 655 966 715 tenere
1187 669 1198 710 s

113 717 165 844 fg
231 742 317 817 Quot
335 742 435 805 voltis
453 761 526 804 esse
544 741 580 804 in
601 761 667 804 uno
688 739 778 804 furto
800 743 1009 824 peecatorum
1032 738 1176 825 gradus?

164 836 212 914 ul,
229 830 410 914 sieiogulis
427 829 579 892 insistere
596 827 705 910 velim,
722 827 877 912 progredi
893 827 958 892 iste
975 848 1044 892 non
1059 826 1176 912 possit.

163 917 324 1002 Inprobas
359 917 561 981 frumentum
594 914 787 981 Siculorum.
835 914 942 990 Quid?
983 913 1055 999 ipse
1090 915 1176 999 quod

164 1006 293 1071 mittis?
314 1007 511 1092 peculiarem
533 1004 636 1068 babes
658 1004 804 1089 aliquam
826 1001 985 1087 Siciliam,
1007 1025 1093 1087 quae
1116 1002 1177 1068 tibi

165 1118 205 1160 er
231 1096 297 1160 alio
324 1116 441 1180 genere
463 1093 665 1156 frumentum
686 1091 895 1177 suppeditare
917 1091 1048 1177 possit?
1094 1090 1201 1157 (lune

165 1189 298 1249 senatus
315 1182 468 1263 deceruit,
489 1185 527 1245 ut
549 1184 677 1245 ematur
697 1181 734 1244 in
752 1179 863 1245 sieilia
884 1179 1098 1265 frumentum,
1123 1185 1176 1245 aut

1007 1405 1016 1441 l

165 1447 335 1512 eivitatum
362 1444 491 1510 Siciliae
522 1446 623 1532 vulgo
654 1467 751 1509 omne
780 1445 982 1510 frumentum
1010 1446 1175 1530 inprobas,

163 1557 243 1600 uum
269 1556 309 1598 er
326 1533 479 1620 Aegypto
506 1539 563 1598 aut
586 1533 681 1617 Syria
705 1532 907 1598 fr'omentum
929 1533 1072 1600 Romam
1099 1535 1201 1598 mise

164 1644 259 1688 eurus
277 1622 335 1687 es?
363 1621 525 1707 Inprobas
538 1621 760 1706 Halaesum,
777 1621 1037 1706 Thermitanum,
1055 1621 1175 1707 (lephs-

164 1711 374 1794 loeditanum‚
391 1712 659 1792 Amestratinum,
679 1709 947 1794 ¹l‘ynduritunum,
969 1709 1175 1790 Herbitense,

164 1801 343 1866 multarum
369 1803 538 1884 praeterea
560 1799 744 1863 civitatum!
784 1797 868 1874 Quid
893 1799 1012 1864 aoeidit
1034 1799 1173 1880 tandem,

164 1894 201 1954 ut
232 1889 349 1953 horum
380 1887 576 1973 populorum
604 1887 677 1972 agri
701 1886 901 1952 frumentum
928 1888 998 1952 eins
1026 1887 1117 1953 modi
1142 1891 1172 1950 te
1200 1905 1201 1949 l

164 1981 315 2062 praetore
345 1976 482 2059 ferrent,
514 1975 614 2060 [quod
642 1997 820 2059 numquam
847 1978 972 2060 autea‚]
1006 1980 1045 2041 ut
1071 1989 1200 2066 aeques

164 2064 227 2129 tibi
244 2085 348 2148 neque
370 2064 492 2149 populo
510 2062 658 2128 Romano
680 2067 793 2147 posset
815 2064 958 2148 probari,
980 2064 1172 2149 praesertim
1199 2068 1200 2125 l

164 2173 237 2216 eum
265 2173 304 2215 ex
330 2151 433 2216 isdem
458 2151 547 2236 agris
571 2150 714 2216 eiusdem
737 2152 813 2216 anni
834 2151 1038 2218 frumentum
1062 2175 1100 2217 ex
1123 2151 1171 2215 de

164 2240 266 2304 cumis
287 2240 427 2305 Romam
453 2238 617 2322 mancipes
645 2239 871 2305 advexissent?
903 2239 981 2325 quid
1004 2241 1171 2322 assideret,
1198 2245 1199 2299 l

163 2330 202 2392 nt
223 2349 262 2391 ex
285 2328 397 2393 eodem
419 2327 537 2393 horreo
560 2326 772 2394 decumanum
793 2329 1002 2413 probaretur,
1027 2333 1170 2413 emptum
1197 2397 1198 2400 ,

163 2415 415 2501 inprobaretur‘l
464 2415 649 2481 Dubiumne
681 2421 747 2500 est,
783 2417 860 2500 quin
891 2417 959 2482 ists
990 2417 1095 2483 onmis
1108 2417 1198 2509 ‚in-d

113 2525 162 2574 1⁷³
181 2504 333 2588 probatio
366 2503 528 2590 cogendae
555 2504 709 2588 pecuniae
736 2526 835 2570 eausa
859 2508 939 2570 neta
966 2505 1034 2570 sit?
1080 2503 1169 2583 Esto,

163 2592 318 2677 inprobus
349 2590 575 2676 Halaesinum,
609 2592 711 2657 hebes
744 2593 785 2658 eb
817 2593 883 2658 alio
914 2595 1051 2679 populo,
1086 2591 1168 2677 quod
1196 2609 1197 2647 l

162 2679 296 2766 probes3
314 2699 384 2743 eme
397 2679 488 2763 illud,
507 2679 594 2764 quod
609 2680 726 2766 placet,
744 2681 862 2746 missos
879 2680 933 2747 fae
951 2703 1017 2766 eos,
1035 2701 1168 2767 quorum

162 2767 362 2834 frumentum
396 2766 587 2852 inprobast'u
641 2765 704 2833 Sed
735 2769 777 2834 ab
807 2769 862 2853 iis,
899 2791 980 2854 quos
1012 2769 1168 2856 repudias,

164 2855 267 2941 exigis
294 2858 423 2920 tentum
450 2856 618 2940 pecuniae,
648 2860 806 2941 qnantum
833 2857 875 2923 ad
901 2879 975 2922 eum
1002 2877 1168 2924 numerum

163 2942 319 3009 frumenti
337 2943 419 3008 satis
438 2943 490 3029 sit,
513 2965 609 3028 quem
628 2944 658 3008 ei
681 2944 806 3010 elutati
828 2944 970 3031 imperas
993 2945 1167 3012 emendum.

163 3027 203 3093 In
237 3030 399 3098 medimna
430 3032 560 3117 singula
591 3031 684 3098 video
717 3054 756 3098 ex
787 3033 907 3098 litteris
938 3035 1079 3119 publicis
1109 3031 1167 3097 tibi

163 3115 358 3184 Halaesinos
384 3117 440 3183 HS
474 3119 588 3204 quinos
619 3119 717 3186 denos
745 3120 878 3188 dedisse.
928 3121 1104 3188 Ostendam
1130 3141 1166 3185 ex

164 3203 286 3268 tabulis
321 3205 651 3290 locupletissimorum
683 3212 849 3275 aratorum
880 3210 993 3276 eodem
1026 3215 1165 3295 tempore

164 3291 326 3355 neminem
347 3294 382 3357 in
405 3292 515 3360 Sicilia
536 3295 640 3380 pluris
662 3295 860 3363 frumentum
883 3298 1073 3364 vendidisse

113 3367 155 3432 'lb
230 3373 318 3474 Quae
355 3385 405 3442 est
440 3401 518 3468 ergo
550 3382 616 3447 iste
646 3384 731 3450 ratio
764 3389 821 3451 eut
852 3407 934 3470 qnae
964 3387 1075 3472 potins
1104 3386 1163 3449 ista

166 3462 306 3524 umentia
337 3463 535 3533 frumentum
567 3470 741 3555 inprobare
772 3473 818 3557 id,
846 3474 937 3557 ¹quod
966 3495 1005 3539 ex
1033 3495 1071 3540 eo
1097 3474 1161 3538 loeo
