<?xml version="1.0" encoding="UTF-8"?>
<!DOCTYPE html PUBLIC "-//W3C//DTD XHTML 1.0 Transitional//EN"
    "http://www.w3.org/TR/xhtml1/DTD/xhtml1-transitional.dtd">
<html xmlns="http://www.w3.org/1999/xhtml" xml:lang="en" lang="en">
 <head>
  <title>
</title>
<meta http-equiv="Content-Type" content="text/html;charset=utf-8" />
  <meta name='ocr-system' content='tesseract 3.04.00' />
  <meta name='ocr-capabilities' content='ocr_page ocr_carea ocr_par ocr_line ocrx_word'/>
</head>
<body>
  <div class='ocr_page' id='page_1' title='image "./mtulliiciceroni02mlgoog/mtulliiciceroni02mlgoog_0197.png"; bbox 0 0 2386 3938; ppageno 0'>
   <div class='ocr_carea' id='block_1_1' title="bbox 149 148 1147 218">
    <p class='ocr_par' dir='ltr' id='par_1_1' title="bbox 149 148 1147 218">
     <span class='ocr_line' id='line_1_1' title="bbox 149 148 1147 218; baseline -0.005 -11"><span class='ocrx_word' id='word_1_1' title='bbox 149 151 193 218; x_wconf 82' lang='lat'><strong>80</strong></span> <span class='ocrx_word' id='word_1_2' title='bbox 241 151 312 207; x_wconf 90' lang='lat' dir='ltr'><strong>PRO</strong></span> <span class='ocrx_word' id='word_1_3' title='bbox 324 151 400 206; x_wconf 82' lang='lat' dir='ltr'>SEX.</span> <span class='ocrx_word' id='word_1_4' title='bbox 411 149 540 205; x_wconf 84' lang='lat' dir='ltr'>ROSCIO</span> <span class='ocrx_word' id='word_1_5' title='bbox 550 148 720 206; x_wconf 72' lang='lat' dir='ltr'><strong>eudemo</strong></span> <span class='ocrx_word' id='word_1_6' title='bbox 729 148 786 204; x_wconf 75' lang='grc' dir='ltr'><strong>ΟΒ.</strong></span> <span class='ocrx_word' id='word_1_7' title='bbox 820 148 903 216; x_wconf 63' lang='grc' dir='ltr'><strong>(ΜΞ,</strong></span> <span class='ocrx_word' id='word_1_8' title='bbox 919 155 953 206; x_wconf 80' lang='lat' dir='ltr'><strong>tt</strong></span> <span class='ocrx_word' id='word_1_9' title='bbox 967 154 1147 216; x_wconf 72' lang='lat' dir='ltr'><strong>§rer-154.</strong></span> 
     </span>
    </p>
   </div>
   <div class='ocr_carea' id='block_1_2' title="bbox 101 291 1192 3532">
    <p class='ocr_par' dir='ltr' id='par_1_2' title="bbox 101 291 1192 3532">
     <span class='ocr_line' id='line_1_2' title="bbox 150 291 1165 381; baseline -0.003 -20"><span class='ocrx_word' id='word_1_10' title='bbox 150 317 223 361; x_wconf 90' lang='lat' dir='ltr'><strong>oum</strong></span> <span class='ocrx_word' id='word_1_11' title='bbox 245 295 406 381; x_wconf 89' lang='lat' dir='ltr'><strong>proelium</strong></span> <span class='ocrx_word' id='word_1_12' title='bbox 428 293 651 377; x_wconf 79' lang='lat' dir='ltr'><strong>committrmt,</strong></span> <span class='ocrx_word' id='word_1_13' title='bbox 671 295 710 359; x_wconf 90' lang='lat' dir='ltr'><strong>nt</strong></span> <span class='ocrx_word' id='word_1_14' title='bbox 731 291 768 358; x_wconf 93' lang='lat' dir='ltr'><strong>in</strong></span> <span class='ocrx_word' id='word_1_15' title='bbox 791 315 829 360; x_wconf 92' lang='lat' dir='ltr'><strong>eo</strong></span> <span class='ocrx_word' id='word_1_16' title='bbox 851 293 936 376; x_wconf 87' lang='lat' dir='ltr'><strong>loco,</strong></span> <span class='ocrx_word' id='word_1_17' title='bbox 959 315 1025 378; x_wconf 90' lang='lat' dir='ltr'><strong>quo</strong></span> <span class='ocrx_word' id='word_1_18' title='bbox 1041 293 1165 380; x_wconf 71' lang='lat' dir='ltr'><strong>dagam</strong></span> 
     </span>
     <span class='ocr_line' id='line_1_3' title="bbox 149 381 1167 466; baseline -0.002 -18"><span class='ocrx_word' id='word_1_19' title='bbox 149 383 296 450; x_wconf 80' lang='lat' dir='ltr'><strong>bostium</strong></span> <span class='ocrx_word' id='word_1_20' title='bbox 322 384 392 450; x_wconf 83' lang='lat' dir='ltr'><strong>fore</strong></span> <span class='ocrx_word' id='word_1_21' title='bbox 415 382 628 463; x_wconf 75' lang='lat' dir='ltr'>arbitrentur,</span> <span class='ocrx_word' id='word_1_22' title='bbox 657 381 779 447; x_wconf 85' lang='lat' dir='ltr'><strong>milites</strong></span> <span class='ocrx_word' id='word_1_23' title='bbox 808 381 981 464; x_wconf 71' lang='lat' dir='ltr'><strong>collocent,</strong></span> <span class='ocrx_word' id='word_1_24' title='bbox 1009 382 1046 448; x_wconf 91' lang='lat' dir='ltr'><strong>in</strong></span> <span class='ocrx_word' id='word_1_25' title='bbox 1074 403 1167 466; x_wconf 87' lang='lat' dir='ltr'><strong>quos,</strong></span> 
     </span>
     <span class='ocr_line' id='line_1_4' title="bbox 151 468 1167 556; baseline -0.002 -20"><span class='ocrx_word' id='word_1_26' title='bbox 151 471 180 536; x_wconf 91' lang='lat' dir='ltr'><strong>si</strong></span> <span class='ocrx_word' id='word_1_27' title='bbox 202 471 259 556; x_wconf 92' lang='lat' dir='ltr'><strong>qui</strong></span> <span class='ocrx_word' id='word_1_28' title='bbox 281 495 321 538; x_wconf 86' lang='lat' dir='ltr'><strong>ex</strong></span> <span class='ocrx_word' id='word_1_29' title='bbox 342 471 410 536; x_wconf 87' lang='lat' dir='ltr'><strong>acie</strong></span> <span class='ocrx_word' id='word_1_30' title='bbox 431 470 586 556; x_wconf 75' lang='lat' dir='ltr'><strong>fugerint,</strong></span> <span class='ocrx_word' id='word_1_31' title='bbox 609 470 648 536; x_wconf 89' lang='lat' dir='ltr'><strong>de</strong></span> <span class='ocrx_word' id='word_1_32' title='bbox 670 469 847 554; x_wconf 80' lang='lat' dir='ltr'><strong>improviso</strong></span> <span class='ocrx_word' id='word_1_33' title='bbox 871 469 1025 536; x_wconf 84' lang='lat' dir='ltr'><strong>incidant</strong></span> <span class='ocrx_word' id='word_1_34' title='bbox 1063 468 1167 536; x_wconf 88' lang='lat' dir='ltr'><strong>Nimi-</strong></span> 
     </span>
     <span class='ocr_line' id='line_1_5' title="bbox 151 557 1167 642; baseline -0.003 -16"><span class='ocrx_word' id='word_1_35' title='bbox 151 582 224 626; x_wconf 90' lang='lat' dir='ltr'><strong>rum</strong></span> <span class='ocrx_word' id='word_1_36' title='bbox 252 559 402 626; x_wconf 88' lang='lat' dir='ltr'><strong>similiter</strong></span> <span class='ocrx_word' id='word_1_37' title='bbox 430 559 630 624; x_wconf 72' lang='lat' dir='ltr'><strong>arbitrantur</strong></span> <span class='ocrx_word' id='word_1_38' title='bbox 654 557 711 623; x_wconf 92' lang='lat' dir='ltr'><strong>isti</strong></span> <span class='ocrx_word' id='word_1_39' title='bbox 734 557 894 623; x_wconf 85' lang='lat' dir='ltr'><strong>bonorum</strong></span> <span class='ocrx_word' id='word_1_40' title='bbox 916 561 1085 642; x_wconf 77' lang='lat' dir='ltr'><strong>emptores</strong></span> <span class='ocrx_word' id='word_1_41' title='bbox 1109 579 1167 623; x_wconf 82' lang='lat' dir='ltr'><strong>ros</strong></span> 
     </span>
     <span class='ocr_line' id='line_1_6' title="bbox 150 643 1190 732; baseline -0.002 -18"><span class='ocrx_word' id='word_1_42' title='bbox 150 647 214 732; x_wconf 92' lang='lat' dir='ltr'><strong>hic,</strong></span> <span class='ocrx_word' id='word_1_43' title='bbox 236 648 320 713; x_wconf 90' lang='lat' dir='ltr'><strong>tales</strong></span> <span class='ocrx_word' id='word_1_44' title='bbox 338 647 435 729; x_wconf 86' lang='lat' dir='ltr'><strong>viros,</strong></span> <span class='ocrx_word' id='word_1_45' title='bbox 458 646 579 727; x_wconf 88' lang='lat' dir='ltr'><strong>sedere,</strong></span> <span class='ocrx_word' id='word_1_46' title='bbox 601 645 658 730; x_wconf 91' lang='lat' dir='ltr'><strong>qui</strong></span> <span class='ocrx_word' id='word_1_47' title='bbox 673 643 842 730; x_wconf 80' lang='lat' dir='ltr'><strong>excipiatis</strong></span> <span class='ocrx_word' id='word_1_48' title='bbox 865 666 930 728; x_wconf 89' lang='grc' dir='ltr'>θοι,</span> <span class='ocrx_word' id='word_1_49' title='bbox 953 647 1011 730; x_wconf 91' lang='lat' dir='ltr'><strong>qui</strong></span> <span class='ocrx_word' id='word_1_50' title='bbox 1034 646 1077 711; x_wconf 91' lang='lat' dir='ltr'><strong>de</strong></span> <span class='ocrx_word' id='word_1_51' title='bbox 1101 648 1190 712; x_wconf 75' lang='lat' dir='ltr'><strong>suisa</strong></span> 
     </span>
     <span class='ocr_line' id='line_1_7' title="bbox 151 732 1168 820; baseline -0.003 -19"><span class='ocrx_word' id='word_1_52' title='bbox 151 735 300 801; x_wconf 84' lang='lat' dir='ltr'><strong>manibus</strong></span> <span class='ocrx_word' id='word_1_53' title='bbox 329 733 511 820; x_wconf 85' lang='lat' dir='ltr'><strong>effugerint.</strong></span> <span class='ocrx_word' id='word_1_54' title='bbox 550 732 596 798; x_wconf 92' lang='lat' dir='ltr'><strong>Di</strong></span> <span class='ocrx_word' id='word_1_55' title='bbox 621 733 829 818; x_wconf 74' lang='lat' dir='ltr'><strong>prohibeant,</strong></span> <span class='ocrx_word' id='word_1_56' title='bbox 860 733 996 818; x_wconf 89' lang='lat' dir='ltr'><strong>iudices,</strong></span> <span class='ocrx_word' id='word_1_57' title='bbox 1025 755 1070 800; x_wconf 90' lang='lat' dir='ltr'><strong>ne</strong></span> <span class='ocrx_word' id='word_1_58' title='bbox 1098 735 1168 816; x_wconf 82' lang='lat' dir='ltr'><strong>hoc,</strong></span> 
     </span>
     <span class='ocr_line' id='line_1_8' title="bbox 152 819 1167 908; baseline 0 -20"><span class='ocrx_word' id='word_1_59' title='bbox 152 822 239 908; x_wconf 91' lang='lat' dir='ltr'><strong>quod</strong></span> <span class='ocrx_word' id='word_1_60' title='bbox 272 823 411 888; x_wconf 81' lang='lat' dir='ltr'><strong>maiorer</strong></span> <span class='ocrx_word' id='word_1_61' title='bbox 443 821 615 887; x_wconf 83' lang='lat' dir='ltr'><strong>consilium</strong></span> <span class='ocrx_word' id='word_1_62' title='bbox 642 821 809 906; x_wconf 89' lang='lat' dir='ltr'><strong>publicum</strong></span> <span class='ocrx_word' id='word_1_63' title='bbox 839 821 949 888; x_wconf 79' lang='lat' dir='ltr'><strong>vocari</strong></span> <span class='ocrx_word' id='word_1_64' title='bbox 981 819 1167 906; x_wconf 82' lang='lat' dir='ltr'><strong>voluerunt,</strong></span> 
     </span>
     <span class='ocr_line' id='line_1_9' title="bbox 101 909 1167 994; baseline -0.001 -17"><span class='ocrx_word' id='word_1_65' title='bbox 101 929 151 978; x_wconf 75' lang='grc' dir='ltr'><strong>ιιι</strong></span> <span class='ocrx_word' id='word_1_66' title='bbox 169 909 366 994; x_wconf 88' lang='lat' dir='ltr'><strong>praesidium</strong></span> <span class='ocrx_word' id='word_1_67' title='bbox 390 913 552 975; x_wconf 87' lang='lat' dir='ltr'><strong>sectorum</strong></span> <span class='ocrx_word' id='word_1_68' title='bbox 574 909 789 975; x_wconf 80' lang='lat' dir='ltr'><strong>existimeturl</strong></span> <span class='ocrx_word' id='word_1_69' title='bbox 830 909 885 974; x_wconf 82' lang='lat' dir='ltr'><strong>An</strong></span> <span class='ocrx_word' id='word_1_70' title='bbox 911 929 1005 993; x_wconf 84' lang='lat' dir='ltr'><strong>vero,</strong></span> <span class='ocrx_word' id='word_1_71' title='bbox 1035 909 1167 992; x_wconf 84' lang='lat' dir='ltr'><strong>iudices,</strong></span> 
     </span>
     <span class='ocr_line' id='line_1_10' title="bbox 152 995 1167 1084; baseline -0.001 -20"><span class='ocrx_word' id='word_1_72' title='bbox 152 1018 211 1064; x_wconf 82' lang='lat' dir='ltr'><strong>vos</strong></span> <span class='ocrx_word' id='word_1_73' title='bbox 232 1019 299 1064; x_wconf 91' lang='lat' dir='ltr'><strong>non</strong></span> <span class='ocrx_word' id='word_1_74' title='bbox 316 997 509 1084; x_wconf 79' lang='lat' dir='ltr'><strong>intellegitis</strong></span> <span class='ocrx_word' id='word_1_75' title='bbox 531 997 615 1062; x_wconf 91' lang='lat' dir='ltr'><strong>nihil</strong></span> <span class='ocrx_word' id='word_1_76' title='bbox 633 997 722 1062; x_wconf 86' lang='lat' dir='ltr'><strong>aliud</strong></span> <span class='ocrx_word' id='word_1_77' title='bbox 740 996 804 1084; x_wconf 91' lang='lat' dir='ltr'><strong>agi,</strong></span> <span class='ocrx_word' id='word_1_78' title='bbox 826 995 890 1063; x_wconf 86' lang='lat' dir='ltr'><strong>nisi</strong></span> <span class='ocrx_word' id='word_1_79' title='bbox 908 999 945 1062; x_wconf 89' lang='lat' dir='ltr'><strong>ut</strong></span> <span class='ocrx_word' id='word_1_80' title='bbox 962 999 1167 1084; x_wconf 85' lang='lat' dir='ltr'><strong>proscripto·</strong></span> 
     </span>
     <span class='ocr_line' id='line_1_11' title="bbox 152 1084 1192 1172; baseline -0.003 -19"><span class='ocrx_word' id='word_1_81' title='bbox 152 1109 225 1152; x_wconf 91' lang='lat' dir='ltr'><strong>rum</strong></span> <span class='ocrx_word' id='word_1_82' title='bbox 243 1086 340 1152; x_wconf 90' lang='lat' dir='ltr'><strong>liberi</strong></span> <span class='ocrx_word' id='word_1_83' title='bbox 359 1085 473 1172; x_wconf 83' lang='lat' dir='ltr'><strong>quevis</strong></span> <span class='ocrx_word' id='word_1_84' title='bbox 491 1085 619 1150; x_wconf 89' lang='lat' dir='ltr'><strong>ratione</strong></span> <span class='ocrx_word' id='word_1_85' title='bbox 636 1084 806 1169; x_wconf 86' lang='lat' dir='ltr'><strong>tollantur,</strong></span> <span class='ocrx_word' id='word_1_86' title='bbox 826 1085 946 1150; x_wconf 88' lang='lat' dir='ltr'><strong>eteius</strong></span> <span class='ocrx_word' id='word_1_87' title='bbox 965 1087 1015 1151; x_wconf 90' lang='lat' dir='ltr'><strong>rei</strong></span> <span class='ocrx_word' id='word_1_88' title='bbox 1034 1086 1192 1151; x_wconf 82' lang='lat' dir='ltr'><strong>initiumr</strong></span> 
     </span>
     <span class='ocr_line' id='line_1_12' title="bbox 152 1170 1166 1259; baseline -0.001 -20"><span class='ocrx_word' id='word_1_89' title='bbox 152 1175 187 1240; x_wconf 89' lang='lat' dir='ltr'><strong>in</strong></span> <span class='ocrx_word' id='word_1_90' title='bbox 214 1178 325 1240; x_wconf 85' lang='lat' dir='ltr'><strong>vestro</strong></span> <span class='ocrx_word' id='word_1_91' title='bbox 351 1174 421 1241; x_wconf 86' lang='lat' dir='ltr'><strong>iure</strong></span> <span class='ocrx_word' id='word_1_92' title='bbox 448 1173 583 1240; x_wconf 86' lang='lat' dir='ltr'><strong>iurando</strong></span> <span class='ocrx_word' id='word_1_93' title='bbox 611 1176 710 1259; x_wconf 88' lang='lat' dir='ltr'><strong>atque</strong></span> <span class='ocrx_word' id='word_1_94' title='bbox 737 1173 771 1238; x_wconf 90' lang='lat' dir='ltr'><strong>in</strong></span> <span class='ocrx_word' id='word_1_95' title='bbox 795 1170 866 1238; x_wconf 72' lang='lat' dir='ltr'><strong>Sem</strong></span> <span class='ocrx_word' id='word_1_96' title='bbox 893 1171 993 1239; x_wconf 86' lang='lat' dir='ltr'><strong>Rosci</strong></span> <span class='ocrx_word' id='word_1_97' title='bbox 1022 1175 1166 1258; x_wconf 87' lang='lat' dir='ltr'><strong>periculo</strong></span> 
     </span>
     <span class='ocr_line' id='line_1_13' title="bbox 153 1259 1167 1348; baseline -0.001 -21"><span class='ocrx_word' id='word_1_98' title='bbox 153 1262 286 1348; x_wconf 83' lang='lat' dir='ltr'><strong>quaeri?</strong></span> <span class='ocrx_word' id='word_1_99' title='bbox 320 1261 505 1328; x_wconf 90' lang='lat' dir='ltr'><strong>Dubiumne</strong></span> <span class='ocrx_word' id='word_1_100' title='bbox 524 1265 583 1345; x_wconf 88' lang='lat' dir='ltr'><strong>est,</strong></span> <span class='ocrx_word' id='word_1_101' title='bbox 606 1261 648 1326; x_wconf 88' lang='lat' dir='ltr'><strong>ad</strong></span> <span class='ocrx_word' id='word_1_102' title='bbox 666 1281 759 1345; x_wconf 88' lang='lat' dir='ltr'><strong>quem</strong></span> <span class='ocrx_word' id='word_1_103' title='bbox 779 1259 974 1326; x_wconf 86' lang='lat' dir='ltr'><strong>maleficium</strong></span> <span class='ocrx_word' id='word_1_104' title='bbox 992 1261 1167 1346; x_wconf 84' lang='lat' dir='ltr'><strong>pertineat,</strong></span> 
     </span>
     <span class='ocr_line' id='line_1_14' title="bbox 153 1347 1167 1434; baseline -0.002 -18"><span class='ocrx_word' id='word_1_105' title='bbox 153 1371 226 1416; x_wconf 90' lang='lat' dir='ltr'><strong>cum</strong></span> <span class='ocrx_word' id='word_1_106' title='bbox 252 1350 390 1416; x_wconf 79' lang='lat' dir='ltr'><strong>videatis</strong></span> <span class='ocrx_word' id='word_1_107' title='bbox 418 1371 458 1415; x_wconf 86' lang='lat' dir='ltr'><strong>ex</strong></span> <span class='ocrx_word' id='word_1_108' title='bbox 485 1348 588 1415; x_wconf 87' lang='lat' dir='ltr'><strong>altera</strong></span> <span class='ocrx_word' id='word_1_109' title='bbox 617 1351 711 1434; x_wconf 87' lang='lat' dir='ltr'><strong>parte</strong></span> <span class='ocrx_word' id='word_1_110' title='bbox 737 1352 903 1432; x_wconf 89' lang='lat' dir='ltr'><strong>sectorem,</strong></span> <span class='ocrx_word' id='word_1_111' title='bbox 925 1347 1108 1434; x_wconf 88' lang='lat' dir='ltr'><strong>inimicum,</strong></span> <span class='ocrx_word' id='word_1_112' title='bbox 1130 1351 1167 1414; x_wconf 88' lang='lat' dir='ltr'><strong>si·</strong></span> 
     </span>
     <span class='ocr_line' id='line_1_15' title="bbox 154 1434 1167 1522; baseline -0.001 -20"><span class='ocrx_word' id='word_1_113' title='bbox 154 1438 277 1503; x_wconf 89' lang='lat' dir='ltr'><strong>carium</strong></span> <span class='ocrx_word' id='word_1_114' title='bbox 317 1437 516 1520; x_wconf 90' lang='lat' dir='ltr'><strong>eundemque</strong></span> <span class='ocrx_word' id='word_1_115' title='bbox 557 1440 778 1502; x_wconf 87' lang='lat' dir='ltr'><strong>accusatorem</strong></span> <span class='ocrx_word' id='word_1_116' title='bbox 817 1434 879 1502; x_wconf 92' lang='lat' dir='ltr'><strong>hoc</strong></span> <span class='ocrx_word' id='word_1_117' title='bbox 919 1439 1085 1522; x_wconf 88' lang='lat' dir='ltr'><strong>tempore,</strong></span> <span class='ocrx_word' id='word_1_118' title='bbox 1132 1459 1167 1503; x_wconf 86' lang='lat' dir='ltr'><strong>ex</strong></span> 
     </span>
     <span class='ocr_line' id='line_1_16' title="bbox 154 1523 1187 1610; baseline -0.001 -21"><span class='ocrx_word' id='word_1_119' title='bbox 154 1525 257 1590; x_wconf 86' lang='lat' dir='ltr'><strong>altere</strong></span> <span class='ocrx_word' id='word_1_120' title='bbox 285 1528 379 1608; x_wconf 88' lang='lat' dir='ltr'><strong>parte</strong></span> <span class='ocrx_word' id='word_1_121' title='bbox 406 1527 568 1609; x_wconf 82' lang='lat' dir='ltr'><strong>egentem,</strong></span> <span class='ocrx_word' id='word_1_122' title='bbox 594 1525 769 1608; x_wconf 87' lang='lat' dir='ltr'><strong>probatum</strong></span> <span class='ocrx_word' id='word_1_123' title='bbox 796 1524 863 1590; x_wconf 80' lang='lat' dir='ltr'><strong>suis</strong></span> <span class='ocrx_word' id='word_1_124' title='bbox 890 1523 1010 1606; x_wconf 87' lang='lat' dir='ltr'><strong>lilium,</strong></span> <span class='ocrx_word' id='word_1_125' title='bbox 1038 1525 1076 1590; x_wconf 90' lang='lat' dir='ltr'><strong>in</strong></span> <span class='ocrx_word' id='word_1_126' title='bbox 1105 1547 1187 1610; x_wconf 73' lang='lat' dir='ltr'><strong>quor</strong></span> 
     </span>
     <span class='ocr_line' id='line_1_17' title="bbox 152 1611 1167 1699; baseline 0 -23"><span class='ocrx_word' id='word_1_127' title='bbox 152 1631 219 1676; x_wconf 90' lang='lat' dir='ltr'><strong>non</strong></span> <span class='ocrx_word' id='word_1_128' title='bbox 240 1611 337 1677; x_wconf 91' lang='lat' dir='ltr'><strong>modo</strong></span> <span class='ocrx_word' id='word_1_129' title='bbox 360 1611 456 1696; x_wconf 90' lang='lat' dir='ltr'><strong>culpa</strong></span> <span class='ocrx_word' id='word_1_130' title='bbox 477 1611 578 1694; x_wconf 89' lang='lat' dir='ltr'><strong>nulla,</strong></span> <span class='ocrx_word' id='word_1_131' title='bbox 602 1611 658 1678; x_wconf 82' lang='lat' dir='ltr'><strong>sed</strong></span> <span class='ocrx_word' id='word_1_132' title='bbox 680 1633 721 1678; x_wconf 90' lang='lat' dir='ltr'><strong>ne</strong></span> <span class='ocrx_word' id='word_1_133' title='bbox 742 1612 883 1698; x_wconf 86' lang='lat' dir='ltr'><strong>euspicio</strong></span> <span class='ocrx_word' id='word_1_134' title='bbox 901 1612 1034 1696; x_wconf 90' lang='lat' dir='ltr'><strong>quidem</strong></span> <span class='ocrx_word' id='word_1_135' title='bbox 1056 1614 1167 1699; x_wconf 90' lang='lat' dir='ltr'><strong>potnit</strong></span> 
     </span>
     <span class='ocr_line' id='line_1_18' title="bbox 153 1697 1165 1784; baseline 0.001 -19"><span class='ocrx_word' id='word_1_136' title='bbox 153 1699 351 1765; x_wconf 82' lang='lat' dir='ltr'><strong>consistere?</strong></span> <span class='ocrx_word' id='word_1_137' title='bbox 400 1697 567 1784; x_wconf 89' lang='lat' dir='ltr'><strong>Numquid</strong></span> <span class='ocrx_word' id='word_1_138' title='bbox 593 1700 648 1766; x_wconf 89' lang='lat' dir='ltr'><strong>hic</strong></span> <span class='ocrx_word' id='word_1_139' title='bbox 675 1699 763 1766; x_wconf 91' lang='lat' dir='ltr'><strong>aliud</strong></span> <span class='ocrx_word' id='word_1_140' title='bbox 789 1699 906 1766; x_wconf 85' lang='lat' dir='ltr'><strong>videtis</strong></span> <span class='ocrx_word' id='word_1_141' title='bbox 935 1700 1070 1766; x_wconf 89' lang='lat' dir='ltr'><strong>obstare</strong></span> <span class='ocrx_word' id='word_1_142' title='bbox 1099 1701 1165 1768; x_wconf 78' lang='lat' dir='ltr'><strong>See.</strong></span> 
     </span>
     <span class='ocr_line' id='line_1_19' title="bbox 102 1785 943 1915; baseline 0 -63"><span class='ocrx_word' id='word_1_143' title='bbox 102 1849 144 1915; x_wconf 70' lang='lat'><strong>53</strong></span> <span class='ocrx_word' id='word_1_144' title='bbox 171 1785 300 1884; x_wconf 85' lang='lat' dir='ltr'><strong>Roscio,</strong></span> <span class='ocrx_word' id='word_1_145' title='bbox 321 1787 386 1891; x_wconf 79' lang='lat' dir='ltr'><strong>nisi</strong></span> <span class='ocrx_word' id='word_1_146' title='bbox 409 1787 495 1873; x_wconf 91' lang='lat' dir='ltr'><strong>quod</strong></span> <span class='ocrx_word' id='word_1_147' title='bbox 517 1787 730 1890; x_wconf 29' lang='lat' dir='ltr'><strong>patris-bona</strong></span> <span class='ocrx_word' id='word_1_148' title='bbox 751 1788 943 1854; x_wconf 79' lang='lat' dir='ltr'><strong>venierunt?</strong></span> 
     </span>
     <span class='ocr_line' id='line_1_20' title="bbox 103 1874 1187 2048; baseline 0.004 -20"><span class='ocrx_word' id='word_1_149' title='bbox 103 1874 1187 2048; x_wconf 45' lang='lat' dir='ltr'><strong>1⁵³atttrititlatzlttbbtltttttbrt..</strong></span> 
     </span>
     <span class='ocr_line' id='line_1_21' title="bbox 135 2051 1192 2136; baseline 0.003 -20"><span class='ocrx_word' id='word_1_150' title='bbox 135 2055 269 2116; x_wconf 79' lang='lat' dir='ltr'><strong>&#39;cantur</strong></span> <span class='ocrx_word' id='word_1_151' title='bbox 291 2072 403 2116; x_wconf 88' lang='lat' dir='ltr'><strong>eorum</strong></span> <span class='ocrx_word' id='word_1_152' title='bbox 426 2051 535 2134; x_wconf 88' lang='lat' dir='ltr'><strong>liberi,</strong></span> <span class='ocrx_word' id='word_1_153' title='bbox 557 2072 695 2135; x_wconf 89' lang='lat' dir='ltr'><strong>quorum</strong></span> <span class='ocrx_word' id='word_1_154' title='bbox 717 2053 803 2117; x_wconf 85' lang='lat' dir='ltr'><strong>bona</strong></span> <span class='ocrx_word' id='word_1_155' title='bbox 830 2051 1017 2134; x_wconf 78' lang='lat' dir='ltr'><strong>venierunt,</strong></span> <span class='ocrx_word' id='word_1_156' title='bbox 1044 2057 1167 2136; x_wconf 83' lang='lat' dir='ltr'><strong>cavete,</strong></span> <span class='ocrx_word' id='word_1_157' title='bbox 1191 2075 1192 2078; x_wconf 45' lang='lat'>¹</span> 
     </span>
     <span class='ocr_line' id='line_1_22' title="bbox 154 2137 1192 2222; baseline 0.002 -20"><span class='ocrx_word' id='word_1_158' title='bbox 154 2158 212 2222; x_wconf 91' lang='lat' dir='ltr'><strong>per</strong></span> <span class='ocrx_word' id='word_1_159' title='bbox 248 2137 324 2203; x_wconf 87' lang='lat' dir='ltr'><strong>deos</strong></span> <span class='ocrx_word' id='word_1_160' title='bbox 360 2139 574 2222; x_wconf 86' lang='lat' dir='ltr'><strong>immortales,</strong></span> <span class='ocrx_word' id='word_1_161' title='bbox 614 2139 748 2222; x_wconf 88' lang='lat' dir='ltr'><strong>iudices,</strong></span> <span class='ocrx_word' id='word_1_162' title='bbox 788 2159 829 2205; x_wconf 89' lang='lat' dir='ltr'><strong>ne</strong></span> <span class='ocrx_word' id='word_1_163' title='bbox 864 2160 949 2205; x_wconf 82' lang='lat' dir='ltr'><strong>nova</strong></span> <span class='ocrx_word' id='word_1_164' title='bbox 985 2142 1019 2204; x_wconf 91' lang='lat' dir='ltr'><strong>et</strong></span> <span class='ocrx_word' id='word_1_165' title='bbox 1058 2142 1192 2220; x_wconf 48' lang='lat' dir='ltr'><strong>multoj</strong></span> 
     </span>
     <span class='ocr_line' id='line_1_23' title="bbox 154 2224 1191 2312; baseline 0.005 -23"><span class='ocrx_word' id='word_1_166' title='bbox 154 2224 313 2290; x_wconf 77' lang='lat' dir='ltr'><strong>crudelior</strong></span> <span class='ocrx_word' id='word_1_167' title='bbox 335 2247 394 2310; x_wconf 91' lang='lat' dir='ltr'><strong>per</strong></span> <span class='ocrx_word' id='word_1_168' title='bbox 414 2246 473 2290; x_wconf 81' lang='lat' dir='ltr'><strong>vos</strong></span> <span class='ocrx_word' id='word_1_169' title='bbox 496 2227 692 2312; x_wconf 73' lang='lat' dir='ltr'><strong>proscriptio</strong></span> <span class='ocrx_word' id='word_1_170' title='bbox 710 2228 893 2293; x_wconf 83' lang='lat' dir='ltr'><strong>instaurata</strong></span> <span class='ocrx_word' id='word_1_171' title='bbox 915 2248 987 2292; x_wconf 89' lang='lat' dir='ltr'><strong>esse</strong></span> <span class='ocrx_word' id='word_1_172' title='bbox 1006 2227 1167 2293; x_wconf 78' lang='lat' dir='ltr'><strong>videatur.</strong></span> <span class='ocrx_word' id='word_1_173' title='bbox 1190 2289 1191 2294; x_wconf 73' lang='grc'>,</span> 
     </span>
     <span class='ocr_line' id='line_1_24' title="bbox 154 2309 1191 2401; baseline 0.005 -26"><span class='ocrx_word' id='word_1_174' title='bbox 154 2309 252 2376; x_wconf 85' lang='lat' dir='ltr'><strong>Illam</strong></span> <span class='ocrx_word' id='word_1_175' title='bbox 274 2312 424 2396; x_wconf 88' lang='lat' dir='ltr'><strong>priorem,</strong></span> <span class='ocrx_word' id='word_1_176' title='bbox 448 2335 530 2399; x_wconf 88' lang='lat' dir='ltr'><strong>quae</strong></span> <span class='ocrx_word' id='word_1_177' title='bbox 549 2314 638 2380; x_wconf 86' lang='lat' dir='ltr'><strong>facta</strong></span> <span class='ocrx_word' id='word_1_178' title='bbox 656 2318 707 2380; x_wconf 89' lang='lat' dir='ltr'><strong>est</strong></span> <span class='ocrx_word' id='word_1_179' title='bbox 723 2315 760 2380; x_wconf 93' lang='lat' dir='ltr'><strong>in</strong></span> <span class='ocrx_word' id='word_1_180' title='bbox 777 2337 842 2399; x_wconf 91' lang='lat' dir='ltr'><strong>eos,</strong></span> <span class='ocrx_word' id='word_1_181' title='bbox 864 2315 920 2400; x_wconf 89' lang='lat' dir='ltr'><strong>qui</strong></span> <span class='ocrx_word' id='word_1_182' title='bbox 938 2337 1032 2380; x_wconf 85' lang='lat' dir='ltr'><strong>arma</strong></span> <span class='ocrx_word' id='word_1_183' title='bbox 1049 2316 1167 2401; x_wconf 77' lang='lat' dir='ltr'><strong>capere</strong></span> <span class='ocrx_word' id='word_1_184' title='bbox 1190 2361 1191 2366; x_wconf 18' lang='grc' dir='ltr'><strong>κ</strong></span> 
     </span>
     <span class='ocr_line' id='line_1_25' title="bbox 154 2402 1191 2503; baseline 0.004 -39"><span class='ocrx_word' id='word_1_185' title='bbox 154 2403 344 2500; x_wconf 77' lang='lat' dir='ltr'><strong>potuerunt,</strong></span> <span class='ocrx_word' id='word_1_186' title='bbox 372 2403 483 2467; x_wconf 88' lang='lat' dir='ltr'><strong>tamen</strong></span> <span class='ocrx_word' id='word_1_187' title='bbox 509 2406 640 2503; x_wconf 85' lang='lat' dir='ltr'><strong>senatus</strong></span> <span class='ocrx_word' id='word_1_188' title='bbox 670 2403 832 2488; x_wconf 81' lang='lat' dir='ltr'><strong>suscipere</strong></span> <span class='ocrx_word' id='word_1_189' title='bbox 863 2402 982 2486; x_wconf 91' lang='lat' dir='ltr'><strong>noluit,</strong></span> <span class='ocrx_word' id='word_1_190' title='bbox 1012 2424 1054 2468; x_wconf 92' lang='lat' dir='ltr'><strong>ne</strong></span> <span class='ocrx_word' id='word_1_191' title='bbox 1089 2403 1191 2487; x_wconf 58' lang='lat' dir='ltr'><strong>quide</strong></span> 
     </span>
     <span class='ocr_line' id='line_1_26' title="bbox 155 2491 1166 2663; baseline 0.004 -23"><span class='ocrx_word' id='word_1_192' title='bbox 155 2491 1166 2663; x_wconf 58' lang='lat' dir='ltr'><strong>:tlteqbttutffitmttitttttlll</strong></span> 
     </span>
     <span class='ocr_line' id='line_1_27' title="bbox 155 2664 1190 2751; baseline 0.004 -23"><span class='ocrx_word' id='word_1_193' title='bbox 155 2664 276 2730; x_wconf 88' lang='lat' dir='ltr'><strong>liberos</strong></span> <span class='ocrx_word' id='word_1_194' title='bbox 303 2667 401 2750; x_wconf 89' lang='lat' dir='ltr'><strong>atque</strong></span> <span class='ocrx_word' id='word_1_195' title='bbox 424 2665 465 2730; x_wconf 87' lang='lat' dir='ltr'><strong>ad</strong></span> <span class='ocrx_word' id='word_1_196' title='bbox 486 2664 660 2731; x_wconf 83' lang='lat' dir='ltr'><strong>infantium</strong></span> <span class='ocrx_word' id='word_1_197' title='bbox 683 2687 857 2751; x_wconf 88' lang='lat' dir='ltr'><strong>puerorum</strong></span> <span class='ocrx_word' id='word_1_198' title='bbox 878 2665 1076 2732; x_wconf 85' lang='lat' dir='ltr'><strong>incunabula</strong></span> <span class='ocrx_word' id='word_1_199' title='bbox 1097 2689 1166 2751; x_wconf 87' lang='lat' dir='ltr'><strong>per·</strong></span> <span class='ocrx_word' id='word_1_200' title='bbox 1189 2693 1190 2705; x_wconf 52' lang='lat'>¹</span> 
     </span>
     <span class='ocr_line' id='line_1_28' title="bbox 155 2751 1165 2840; baseline 0.003 -23"><span class='ocrx_word' id='word_1_201' title='bbox 155 2753 248 2836; x_wconf 84' lang='lat' dir='ltr'><strong>tinet,</strong></span> <span class='ocrx_word' id='word_1_202' title='bbox 270 2751 334 2818; x_wconf 84' lang='lat' dir='ltr'><strong>nisi</strong></span> <span class='ocrx_word' id='word_1_203' title='bbox 356 2751 419 2818; x_wconf 89' lang='lat' dir='ltr'><strong>hoc</strong></span> <span class='ocrx_word' id='word_1_204' title='bbox 440 2753 557 2818; x_wconf 90' lang='lat' dir='ltr'><strong>iudicio</strong></span> <span class='ocrx_word' id='word_1_205' title='bbox 581 2755 601 2818; x_wconf 79' lang='lat' dir='ltr'><strong>a</strong></span> <span class='ocrx_word' id='word_1_206' title='bbox 623 2754 716 2820; x_wconf 81' lang='lat' dir='ltr'><strong>vobis</strong></span> <span class='ocrx_word' id='word_1_207' title='bbox 738 2754 860 2819; x_wconf 85' lang='lat' dir='ltr'><strong>reicitis</strong></span> <span class='ocrx_word' id='word_1_208' title='bbox 884 2757 917 2840; x_wconf 80' lang='lat' dir='ltr'><strong>et</strong></span> <span class='ocrx_word' id='word_1_209' title='bbox 936 2755 1165 2840; x_wconf 77' lang='lat' dir='ltr'><strong>aspernemini,</strong></span> 
     </span>
     <span class='ocr_line' id='line_1_29' title="bbox 154 2841 1189 2940; baseline 0.001 -34"><span class='ocrx_word' id='word_1_210' title='bbox 154 2841 274 2923; x_wconf 86' lang='lat' dir='ltr'><strong>videte,</strong></span> <span class='ocrx_word' id='word_1_211' title='bbox 297 2862 355 2925; x_wconf 90' lang='lat' dir='ltr'><strong>per</strong></span> <span class='ocrx_word' id='word_1_212' title='bbox 378 2841 454 2906; x_wconf 91' lang='lat' dir='ltr'><strong>deos</strong></span> <span class='ocrx_word' id='word_1_213' title='bbox 476 2841 687 2924; x_wconf 83' lang='lat' dir='ltr'><strong>immortales,</strong></span> <span class='ocrx_word' id='word_1_214' title='bbox 710 2863 805 2926; x_wconf 89' lang='lat' dir='ltr'><strong>quem</strong></span> <span class='ocrx_word' id='word_1_215' title='bbox 827 2842 862 2906; x_wconf 92' lang='lat' dir='ltr'><strong>in</strong></span> <span class='ocrx_word' id='word_1_216' title='bbox 885 2841 993 2907; x_wconf 88' lang='lat' dir='ltr'><strong>locum</strong></span> <span class='ocrx_word' id='word_1_217' title='bbox 1016 2863 1087 2907; x_wconf 88' lang='lat' dir='ltr'><strong>rem</strong></span> <span class='ocrx_word' id='word_1_218' title='bbox 1109 2856 1189 2940; x_wconf 63' lang='lat' dir='ltr'><strong>pu-q]</strong></span> 
     </span>
     <span class='ocr_line' id='line_1_30' title="bbox 155 2928 681 3013; baseline 0 -20"><span class='ocrx_word' id='word_1_219' title='bbox 155 2928 275 2994; x_wconf 78' lang='lat' dir='ltr'><strong>blicam</strong></span> <span class='ocrx_word' id='word_1_220' title='bbox 297 2931 525 3013; x_wconf 81' lang='lat' dir='ltr'><strong>perventuram</strong></span> <span class='ocrx_word' id='word_1_221' title='bbox 547 2928 681 3012; x_wconf 86' lang='lat' dir='ltr'><strong>putetis!</strong></span> 
     </span>
     <span class='ocr_line' id='line_1_31' title="bbox 105 3015 1166 3104; baseline 0.007 -29"><span class='ocrx_word' id='word_1_222' title='bbox 105 3028 155 3077; x_wconf 73' lang='grc' dir='ltr'><strong>ιιι</strong></span> <span class='ocrx_word' id='word_1_223' title='bbox 221 3015 378 3082; x_wconf 85' lang='lat' dir='ltr'><strong>Homines</strong></span> <span class='ocrx_word' id='word_1_224' title='bbox 401 3017 563 3102; x_wconf 90' lang='lat' dir='ltr'><strong>sapientes</strong></span> <span class='ocrx_word' id='word_1_225' title='bbox 587 3021 621 3082; x_wconf 90' lang='lat' dir='ltr'><strong>et</strong></span> <span class='ocrx_word' id='word_1_226' title='bbox 642 3017 708 3083; x_wconf 83' lang='lat' dir='ltr'><strong>ista</strong></span> <span class='ocrx_word' id='word_1_227' title='bbox 730 3017 924 3083; x_wconf 87' lang='lat' dir='ltr'><strong>auctoritate</strong></span> <span class='ocrx_word' id='word_1_228' title='bbox 948 3021 982 3082; x_wconf 87' lang='lat' dir='ltr'><strong>et</strong></span> <span class='ocrx_word' id='word_1_229' title='bbox 999 3021 1166 3104; x_wconf 84' lang='lat' dir='ltr'><strong>potestate</strong></span> 
     </span>
     <span class='ocr_line' id='line_1_32' title="bbox 155 3102 1188 3190; baseline 0.006 -26"><span class='ocrx_word' id='word_1_230' title='bbox 155 3102 329 3188; x_wconf 86' lang='lat' dir='ltr'><strong>praeditos,</strong></span> <span class='ocrx_word' id='word_1_231' title='bbox 352 3126 415 3189; x_wconf 86' lang='lat' dir='ltr'><strong>qua</strong></span> <span class='ocrx_word' id='word_1_232' title='bbox 436 3125 495 3170; x_wconf 77' lang='lat' dir='ltr'><strong>vos</strong></span> <span class='ocrx_word' id='word_1_233' title='bbox 514 3104 608 3187; x_wconf 79' lang='lat' dir='ltr'><strong>estis,</strong></span> <span class='ocrx_word' id='word_1_234' title='bbox 631 3126 670 3168; x_wconf 85' lang='lat' dir='ltr'><strong>ex</strong></span> <span class='ocrx_word' id='word_1_235' title='bbox 693 3105 809 3190; x_wconf 90' lang='lat' dir='ltr'><strong>quibus</strong></span> <span class='ocrx_word' id='word_1_236' title='bbox 832 3106 928 3170; x_wconf 91' lang='lat' dir='ltr'><strong>rebus</strong></span> <span class='ocrx_word' id='word_1_237' title='bbox 948 3106 1092 3172; x_wconf 84' lang='lat' dir='ltr'><strong>maxime</strong></span> <span class='ocrx_word' id='word_1_238' title='bbox 1114 3127 1164 3170; x_wconf 89' lang='lat' dir='ltr'><strong>res</strong></span> <span class='ocrx_word' id='word_1_239' title='bbox 1187 3131 1188 3148; x_wconf 46' lang='grc' dir='ltr'>ι</span> 
     </span>
     <span class='ocr_line' id='line_1_33' title="bbox 155 3188 1188 3273; baseline 0.006 -22"><span class='ocrx_word' id='word_1_240' title='bbox 155 3188 286 3272; x_wconf 90' lang='lat' dir='ltr'><strong>publica</strong></span> <span class='ocrx_word' id='word_1_241' title='bbox 303 3191 442 3273; x_wconf 90' lang='lat' dir='ltr'><strong>laborat,</strong></span> <span class='ocrx_word' id='word_1_242' title='bbox 459 3192 500 3256; x_wconf 80' lang='lat' dir='ltr'><strong>iis</strong></span> <span class='ocrx_word' id='word_1_243' title='bbox 518 3192 658 3256; x_wconf 86' lang='lat' dir='ltr'><strong>maxime</strong></span> <span class='ocrx_word' id='word_1_244' title='bbox 677 3193 798 3258; x_wconf 86' lang='lat' dir='ltr'><strong>mederi</strong></span> <span class='ocrx_word' id='word_1_245' title='bbox 815 3193 973 3259; x_wconf 82' lang='lat' dir='ltr'><strong>convenit.</strong></span> <span class='ocrx_word' id='word_1_246' title='bbox 1010 3192 1165 3259; x_wconf 85' lang='lat' dir='ltr'><strong>Vestrum</strong></span> <span class='ocrx_word' id='word_1_247' title='bbox 1187 3191 1188 3196; x_wconf 71' lang='grc'>’</span> 
     </span>
     <span class='ocr_line' id='line_1_34' title="bbox 155 3279 1166 3365; baseline 0.006 -25"><span class='ocrx_word' id='word_1_248' title='bbox 155 3297 252 3341; x_wconf 91' lang='lat' dir='ltr'><strong>nemo</strong></span> <span class='ocrx_word' id='word_1_249' title='bbox 283 3281 347 3361; x_wconf 86' lang='lat' dir='ltr'><strong>eet,</strong></span> <span class='ocrx_word' id='word_1_250' title='bbox 383 3279 462 3364; x_wconf 89' lang='lat' dir='ltr'><strong>quin</strong></span> <span class='ocrx_word' id='word_1_251' title='bbox 492 3279 664 3365; x_wconf 85' lang='lat' dir='ltr'><strong>intelleget</strong></span> <span class='ocrx_word' id='word_1_252' title='bbox 694 3281 852 3365; x_wconf 89' lang='lat' dir='ltr'><strong>populum</strong></span> <span class='ocrx_word' id='word_1_253' title='bbox 880 3280 1077 3365; x_wconf 84' lang='lat' dir='ltr'><strong>Romanum,</strong></span> <span class='ocrx_word' id='word_1_254' title='bbox 1110 3279 1166 3364; x_wconf 88' lang='lat' dir='ltr'><strong>qni</strong></span> 
     </span>
     <span class='ocr_line' id='line_1_35' title="bbox 157 3361 1163 3448; baseline 0.007 -23"><span class='ocrx_word' id='word_1_255' title='bbox 157 3361 320 3445; x_wconf 90' lang='lat' dir='ltr'><strong>quondam</strong></span> <span class='ocrx_word' id='word_1_256' title='bbox 359 3365 393 3428; x_wconf 92' lang='lat' dir='ltr'><strong>in</strong></span> <span class='ocrx_word' id='word_1_257' title='bbox 433 3367 544 3432; x_wconf 80' lang='lat' dir='ltr'><strong>hostes</strong></span> <span class='ocrx_word' id='word_1_258' title='bbox 581 3367 765 3432; x_wconf 87' lang='lat' dir='ltr'><strong>lenissimus</strong></span> <span class='ocrx_word' id='word_1_259' title='bbox 801 3367 1063 3448; x_wconf 86' lang='lat' dir='ltr'><strong>existimabatur,</strong></span> <span class='ocrx_word' id='word_1_260' title='bbox 1103 3369 1163 3432; x_wconf 90' lang='lat' dir='ltr'><strong>hoc</strong></span> 
     </span>
     <span class='ocr_line' id='line_1_36' title="bbox 156 3449 1186 3532; baseline 0.006 -19"><span class='ocrx_word' id='word_1_261' title='bbox 156 3453 304 3532; x_wconf 85' lang='lat' dir='ltr'><strong>tempore</strong></span> <span class='ocrx_word' id='word_1_262' title='bbox 323 3449 499 3517; x_wconf 90' lang='lat' dir='ltr'><strong>domestica</strong></span> <span class='ocrx_word' id='word_1_263' title='bbox 520 3454 712 3520; x_wconf 88' lang='lat' dir='ltr'><strong>erudelitate</strong></span> <span class='ocrx_word' id='word_1_264' title='bbox 735 3455 893 3522; x_wconf 86' lang='lat' dir='ltr'><strong>laborare.</strong></span> <span class='ocrx_word' id='word_1_265' title='bbox 938 3455 1034 3521; x_wconf 90' lang='lat' dir='ltr'><strong>Hanc</strong></span> <span class='ocrx_word' id='word_1_266' title='bbox 1055 3456 1163 3521; x_wconf 93' lang='lat' dir='ltr'><strong>tollite</strong></span> <span class='ocrx_word' id='word_1_267' title='bbox 1184 3451 1186 3504; x_wconf 66' lang='grc' dir='ltr'>ἒ</span> 
     </span>
    </p>
   </div>
   <div class='ocr_carea' id='block_1_3' title="bbox 0 0 1208 3938">
    <p class='ocr_par' dir='ltr' id='par_1_3' title="bbox 0 0 1208 3938">
     <span class='ocr_line' id='line_1_37' title="bbox 0 0 1208 3938; baseline 0 0"><span class='ocrx_word' id='word_1_268' title='bbox 0 0 1208 3938; x_wconf 95' lang='lat' dir='ltr'><strong> </strong></span> 
     </span>
    </p>
   </div>
  </div>
 </body>
</html>
