2402 3936
261 151 327 207 LlB.
345 153 386 208 ΙΙΙ
418 152 494 207 CAP.
514 159 619 210 sa-st
636 159 653 220 ἕ
673 160 820 210 124-128.
975 157 1039 222 321

41 312 292 373 sacrorumque
324 313 477 361 annuum
510 313 624 363 rums.
675 296 890 382 ‘Arctorum',
925 301 1040 384 iuquit,

42 383 201 469 ‘penuria'
242 381 277 447 si
295 404 357 469 ego
376 388 544 450 accusator
562 385 683 450 totiens
702 386 813 451 eadem
837 387 876 452 de
898 408 934 452 re
957 388 1041 453 dice-

41 495 116 556 rem,
143 492 284 555 vererer,
310 493 351 536 ne
378 472 503 538 animos
527 476 654 540 vestros
677 473 885 558 offenderem,
911 474 1040 540 iudices.

41 559 164 628 Clamat
185 559 351 624 MeteMus:
377 558 455 626 Nrsr
481 577 651 626 Ll‘r'rnlms
678 578 847 627 rsssmsun.
891 557 968 627 Non
990 566 1040 628 est

20 649 124 714 erate.
166 645 245 713 N1s1
268 665 442 714 cucusum
466 664 741 714 conrmnrssrn.
781 647 832 714 Ne
854 648 888 714 id
911 650 1040 735 quidem

41 738 115 802 satis
147 739 207 801 est.
251 735 443 820 Rationes,
474 736 593 820 inquit,
624 754 814 804 merosus.
861 737 1040 822 Reliquos?

41 847 135 910 prope
164 823 297 910 lugubri
323 825 422 889 verbo
451 824 672 890 calamitatem
699 825 884 909 provinciae
911 823 1040 892 Siciliae

43 913 212 998 significat,
225 911 327 976 addit:
339 929 700 978 amrouunrunuarn.
722 912 901 998 Expectata
913 915 1022 999 etiam,

43 1001 166 1086 iudices,
180 1003 357 1085 expectate,
373 1000 402 1064 si
414 1000 563 1085 potestis,
582 1001 811 1067 auctoritatem
825 1003 1040 1067 accusationis

13 1107 133 1154 eneae.
183 1087 266 1152 Dico
299 1090 443 1153 aratores
473 1088 569 1153 istius
597 1089 736 1154 avaritia
763 1089 896 1172 eiectos,
927 1090 1042 1155 scribit

43 1177 187 1242 Metellus
208 1175 373 1259 ‘reliquos'
392 1175 434 1240 ab
454 1197 488 1240 se
509 1197 580 1241 esse
603 1177 826 1260 confirmatos3
848 1176 918 1242 dico
942 1197 1040 1262 agros

43 1266 166 1331 relictos
199 1264 425 1348 arationesque
457 1285 527 1328 esse
559 1264 716 1349 desertas,
748 1264 862 1330 scribit
888 1263 1040 1329 Metellus

44 1358 204 1418 aratorum
235 1372 305 1418 csse
337 1349 541 1436 ‘penuriam’.
591 1351 663 1418 Hoc
694 1374 767 1418 cum
799 1352 924 1436 scribit,
959 1351 1041 1417 illud

45 1441 188 1523 ostendit,
212 1439 361 1523 deiectos,
382 1439 523 1506 fortunis
542 1441 692 1506 omnibus
715 1441 867 1526 expulsos
891 1461 961 1506 esse
983 1462 1041 1527 po-

16 1529 106 1614 1⁵puli
135 1527 295 1620 Romani¹
310 1528 414 1593 socios
447 1532 544 1612 atque
576 1529 707 1595 amicos.
760 1528 884 1606 Quibus
917 1529 946 1594 si
977 1551 1053 1613 quax

45 1617 206 1682 calamitas
238 1619 374 1702 propter
406 1614 507 1680 istum
541 1617 640 1682 salvis
671 1615 888 1702 vectigalibus
918 1617 1041 1682 nostris

46 1705 214 1789 accidisset,
238 1705 382 1769 animum
401 1704 567 1769 advertere
585 1709 697 1770 tamen
713 1704 748 1769 in
771 1726 844 1769 eum
866 1725 925 1770 vos
948 1725 1041 1788 opor·

46 1797 128 1878 teret,
142 1793 335 1879 praesertim
351 1813 423 1857 cum
437 1814 475 1858 ea
488 1793 561 1878 lege
574 1792 769 1874 iudicaretis,
784 1813 866 1875 quae
880 1791 1041 1856 sociorum

47 1903 133 1948 causa
160 1883 248 1946 esset
271 1881 463 1963 constituta3
490 1902 563 1945 cum
585 1901 662 1944 vero
685 1879 821 1964 perditis
842 1878 1042 1964 profligatis·
1158 1929 1161 1934 .

19 1983 98 2052 tque
129 1969 226 2034 sociis
258 1968 432 2053 vectigalia
461 1968 575 2053 populi
601 1967 742 2033 Romani
773 1966 840 2032 siut
867 1965 1042 2050 deminuta,

47 2079 90 2122 res
105 2056 330 2138 frumentaria,
352 2060 560 2139 commeatus,
583 2055 704 2140 copiae,
728 2055 816 2119 salus
833 2053 925 2119 urbis
944 2056 1041 2139 atquc

48 2146 235 2210 exercituum
262 2147 450 2209 nostrorum
474 2143 509 2207 in
534 2143 761 2228 posteritatem
784 2142 880 2208 istius
903 2141 1042 2208 avaritia

48 2233 211 2316 interierit,
239 2232 355 2296 saltem
383 2231 496 2317 populi
520 2231 660 2298 Romani
687 2230 856 2308 commoda
882 2231 1042 2316 respicite,

49 2321 71 2383 si
92 2321 186 2386 sociis
205 2318 402 2384 fidelissimis
420 2319 604 2404 prospicere
621 2341 688 2385 non
706 2318 874 2385 laboratis.
913 2318 1024 2404 Atque
1044 2331 1096 2381 128

22 2413 78 2471 sut
93 2408 293 2492 intellegatis
312 2408 354 2472 ab
372 2407 436 2471 isto
459 2428 538 2493 prae
560 2409 651 2489 lucro
674 2407 857 2492 praedaque
879 2407 1044 2493 praesenti

49 2517 97 2562 nec
108 2496 319 2582 vectigalium
332 2517 391 2560 nec
404 2495 608 2580 posteritatis
622 2495 769 2560 habitam
786 2516 856 2560 esse
874 2495 1043 2578 rationem,

49 2585 238 2670 cognoscite,
265 2584 342 2668 quid
369 2582 409 2649 ad
439 2586 619 2648 extremum
647 2583 769 2648 scribat
795 2581 956 2648 Metellus.
1001 2580 1043 2645 In

49 2689 218 2751 sumuntur
255 2689 376 2738 runnu
409 2688 544 2736 rancus
576 2687 831 2738 murmuramus
862 2686 1044 2737 rnosrrxr.

49 2757 80 2823 ln
106 2762 269 2846 reliquum
295 2765 424 2845 tempus
451 2759 666 2845 vectigalibus
694 2759 741 2824 ait
769 2780 803 2826 se
829 2758 1043 2844 prospexisse.

23 2844 114 2912 orlon
145 2849 301 2914 scriberet
333 2869 367 2913 se
399 2847 616 2930 vectigalibus
642 2847 861 2932 prospexisse,
891 2845 955 2908 nisi
981 2843 1044 2908 hcc

50 2936 137 3001 vellet
159 2935 342 3020 ostendere,
367 2939 400 3001 te
422 2935 598 3021 vectigalia
619 2934 805 3018 perdidisse.
850 2929 934 3006 Quid
957 2931 1043 2996 enim

50 3028 120 3106 erat,
138 3024 225 3109 quod
238 3023 454 3109 vectigalibus
468 3023 669 3108 prospiceret
680 3021 832 3088 Metellus
848 3019 883 3084 in
902 3019 1043 3084 decumis

50 3115 77 3173 et
100 3113 133 3176 in
157 3115 231 3178 tota
256 3133 291 3177 re
313 3111 539 3195 frumentaria,
567 3110 596 3176 si
618 3111 681 3175 iste
702 3131 770 3190 non
792 3106 967 3193 vectigalia
988 3129 1044 3194 po

50 3200 109 3279 puli
133 3199 274 3266 Romani
306 3203 441 3284 quaestu
474 3221 532 3264 suo
560 3197 793 3284 pervertisset?
838 3194 947 3281 Atque
974 3195 1045 3280 ipse

24 3283 204 3372 ³⁵Mctellus,
228 3288 284 3372 qui
301 3287 515 3373 vectigalibus
537 3285 709 3372 prospicit,
732 3284 788 3369 qui
809 3284 952 3368 reliquos
976 3306 1045 3349 ara-

51 3377 126 3441 tores
153 3376 296 3462 colligit,
324 3374 400 3459 quid
427 3375 610 3460 assequitur
634 3373 699 3438 nisi
720 3372 796 3455 hoc,
822 3375 859 3438 ut
883 3375 990 3455 arent,
1017 3372 1046 3437 si

52 3463 97 3544 qui
119 3467 270 3550 possunt,
298 3463 414 3548 quibus
442 3467 588 3530 aratrum
617 3462 734 3528 saltem
758 3461 890 3546 aliquod
913 3461 1045 3526 satelles

8 3567 10 3628 g
95 3575 144 3620 010.
156 3579 189 3620 11.
203 3580 223 3620 ι.
454 3577 457 3583 “
797 3569 830 3618 21
914 3601 917 3610 ·

1042 887 1095 1015 s
