2470 3936
303 141 371 201 ΗΒ.
384 143 411 198 v
442 143 519 200 csP.
538 149 643 201 ee-er
661 149 677 210 s
697 149 844 202 ree-rus.
1012 147 1079 214 493

70 284 198 351 amiam
219 289 351 352 nostrae
374 286 531 372 eivitatis,
557 309 624 352 non
645 287 688 354 ad
709 309 778 374 eos,
804 289 861 374 qui
882 291 996 374 populi
1016 291 1079 358 Ro·
1111 359 1115 366 ,

69 373 165 438 mani
190 393 309 438 nomen
335 374 514 460 audissent,
543 376 680 460 denique
707 377 736 442 si
761 399 829 442 non
855 378 896 442 ad
922 378 1080 464 homines,

69 483 189 527 verum
215 461 256 528 ad
282 463 419 547 bestias,
446 464 641 549 autetiam,
666 465 857 551 utlongius
879 467 1079 552 progrediar,

71 549 105 614 si
135 549 171 614 in
202 550 313 634 aliqua
343 551 563 618 desertissima
593 553 769 618 solitudine
800 553 842 618 ad
873 575 952 619 saxa
978 558 1012 618 et
1038 554 1080 620 ad

41 639 229 722 aseopulos
257 639 339 704 haee
367 640 520 724 conqueri
547 663 584 706 ao
611 641 781 726 deplorare
807 642 939 727 vellem,
968 647 1081 708 tamen

71 726 186 792 omnia
198 730 292 792 muta
304 731 404 812 atque
416 728 561 795 inanima
573 733 668 795 tauta
681 733 715 794 et
732 733 802 796 tam
819 730 954 816 indigna
970 752 1080 796 rerum

72 815 254 881 acerbitate
289 820 577 882 eommoversntur.
624 816 720 884 Nune
750 839 828 884 vero
860 840 933 884 oum
963 819 1080 903 loquar

73 903 163 988 apud
189 907 359 970 senatorer
382 905 497 990 populi
518 904 671 989 Romani,
698 906 809 992 legum
833 911 869 972 et
888 906 1080 973 iudiciorum

73 995 109 1056 et
127 991 209 1058 iuris
226 997 384 1076 austeres,
406 994 521 1058 timere
538 1015 606 1059 non
627 994 738 1079 debeo,
759 1015 800 1060 ne
822 1016 890 1060 non
911 1017 995 1060 unus
1016 996 1080 1061 iste

31 1099 59 1140 so
73 1080 157 1146 oivis
179 1079 345 1146 Romarm
371 1081 431 1146 illa
451 1103 544 1148 oruoe
567 1082 698 1168 dignus,
724 1083 824 1148 ueteri
845 1099 957 1148 omnes
980 1083 1081 1150 simili

72 1168 220 1254 periculo
238 1169 457 1255 indignissimi
473 1171 664 1236 iudioentur.
698 1171 801 1237 Paulo
825 1175 910 1256 ants,
931 1171 1132 1255 iudioss,1⁷2
1227 1171 1229 1176 ’

73 1257 240 1322 lacrumas
256 1257 292 1322 in
309 1262 415 1323 morte
432 1259 552 1325 misera
570 1263 669 1343 atque
687 1259 823 1345 indigna
842 1260 1081 1328 nauarohorum

73 1365 143 1410 non
177 1345 368 1411 tenebamus
399 1349 433 1411 et
463 1350 549 1414 reete
581 1369 619 1412 ao
649 1348 766 1413 merito
798 1347 960 1414 sociorum
990 1349 1081 1415 inno·

75 1433 218 1499 centium
236 1433 368 1500 miseria
385 1436 681 1519 eommovebamur3
703 1435 781 1520 quid
802 1457 889 1502 nune
909 1436 945 1502 in
966 1441 1080 1502 nostro

35 1539 61 1581 a
76 1522 234 1608 sanguine
261 1522 394 1588 tandem
419 1523 526 1589 faeere
549 1523 724 1590 debemus?
768 1523 856 1590 Nam
878 1525 997 1590 uirium
1018 1525 1081 1591 Ro-

75 1633 248 1676 manorum
280 1612 424 1676 omnium
456 1612 589 1698 sanguis
618 1611 808 1678 ooniunotus
836 1613 1080 1680 existumandus

76 1702 137 1782 est,
150 1699 304 1783 quoniam
316 1703 350 1764 et
361 1699 477 1764 salutis
488 1699 633 1764 omnium
644 1701 729 1766 ratio
743 1704 778 1765 et
790 1702 910 1766 veritas
924 1702 1081 1785 postulat.

76 1785 197 1852 Omnes
222 1787 287 1853 hoo
314 1788 386 1854 looo
408 1787 494 1854 eires
515 1787 668 1872 Romani,
696 1792 729 1853 et
752 1787 808 1872 qui
830 1789 948 1854 adsimt
970 1793 1004 1854 et
1025 1790 1081 1874 qui

76 1875 197 1960 ubique
215 1879 300 1960 sunt,
321 1879 466 1942 vestram
489 1877 696 1942 severitatem
719 1875 914 1961 desiderant,
937 1880 1082 1944 vestram
1179 1947 1181 1951 ,

38 1962 174 2028 aufidem
200 1963 380 2049 inplorant,
406 1967 551 2030 restrum
580 1965 736 2030 auxilirnn
763 1964 944 2049 requinmt3
972 1966 1082 2031 omnia

77 2073 138 2117 sna
155 2051 235 2136 iura,
258 2053 436 2137 commoda,
459 2053 588 2137 auxilia,
610 2056 717 2118 totam
734 2051 871 2136 denique
893 2053 1081 2120 libertatem

77 2139 113 2204 in
125 2139 242 2205 vestris
259 2140 428 2206 sentffltiis
441 2141 565 2206 versari
578 2141 789 2206 arbitrantur.
820 2140 852 2204 A
865 2161 917 2206 me
930 2141 1065 2206 tametsi
1083 2155 1133 2206 1⁷³

79 2227 160 2293 satis
182 2228 319 2311 habent,
345 2232 469 2312 tamen,
496 2229 599 2295 sires
623 2228 719 2295 aliter
741 2228 907 2313 aesiderit,
928 2229 1002 2314 plus
1025 2230 1081 2296 lra-

77 2316 203 2382 bebunt
231 2315 385 2400 fortasse,
416 2338 515 2400 quam
545 2317 724 2401 postulant.
771 2315 858 2384 Nam
885 2317 914 2382 si
941 2339 1006 2401 qua
1030 2318 1082 2384 vis

40 2409 65 2462 es
78 2404 179 2470 istum
206 2403 245 2469 de
271 2407 382 2470 vestra
408 2404 582 2470 severitate
608 2404 775 2488 eripuerit,
805 2404 839 2470 id
865 2405 952 2488 quod
978 2427 1082 2490 neque

79 2496 202 2577 metuo,
233 2491 368 2576 iudices,
398 2513 502 2576 nsque
533 2492 602 2557 ulld
631 2492 727 2558 modo
755 2492 826 2558 fieri
851 2513 947 2576 posse
974 2492 1082 2577 video,

79 2580 135 2646 sed
154 2581 182 2645 si
203 2580 238 2644 in
259 2581 322 2648 hoe
344 2601 396 2646 me
418 2580 504 2646 ratio
525 2580 688 2664 fefellerit,
711 2578 813 2646 Siculi
835 2601 966 2646 eausam
988 2602 1082 2648 suam

77 2669 201 2754 perisse
232 2673 406 2754 querentur
435 2671 469 2734 et
498 2677 638 2734 meeum
653 2668 778 2769 pariter
803 2668 940 2771 moleste
961 2669 1083 2770 lerant,

41 2757 218 2911 ,dudd
230 2757 867 2932 tlttltlttttttllt‘l
885 2757 1082 2932 ἕζᾚέηῒ

79 2935 146 3000 suis
174 2933 338 3020 suffragiis
366 2937 441 2999 ante
467 2932 541 2998 Kal
561 2931 754 2998 Februarias
781 2933 993 3018 recuperabit.
1033 2933 1082 3000 Ae

79 3023 108 3089 si
127 3022 256 3088 demea
279 3021 386 3108 gloria
408 3025 504 3107 atque
528 3021 741 3106 amplitudine
764 3021 930 3106 quaeritis,
952 3021 1082 3106 iudioes,

78 3133 145 3177 non
170 3114 222 3176 est
248 3111 390 3176 alienum
417 3110 498 3176 meis
524 3109 705 3176 rationibus
733 3109 833 3176 istum
856 3109 938 3176 mihi
960 3131 998 3174 ex
1020 3109 1083 3176 hoo
1110 3165 1113 3174 ,

78 3199 196 3266 iudioio
221 3202 370 3283 ereptum
391 3198 433 3264 ad
454 3197 537 3265 illud
558 3198 672 3284 populi
694 3197 835 3266 Romani
856 3197 1010 3264 iudicium
1032 3221 1082 3264 re-

40 3305 65 3346 ³⁵
80 3287 211 3354 anari.
251 3285 427 3371 Splendida
450 3290 501 3352 est
523 3286 583 3352 illa
605 3308 715 3370 eausa,
741 3285 922 3371 probabilis
944 3286 1026 3354 mihi
1049 3291 1083 3354 et

78 3376 197 3458 facilis,
225 3375 348 3459 populo
376 3378 472 3460 grata
499 3378 597 3459 atque
623 3375 774 3459 ineunda}
802 3374 952 3458 denique,
979 3375 1008 3440 si
1034 3375 1083 3441 vi·

79 3466 156 3532 deor
186 3463 254 3549 hio,
286 3462 320 3530 id
351 3462 438 3548 quod
469 3483 530 3549 ego
561 3482 627 3530 non
659 3463 817 3549 quaesivi,
849 3462 888 3530 de
920 3484 984 3530 uno
1016 3463 1082 3530 isto
