2392 3944
176 177 244 240 224
479 173 880 230 mammaeam
993 247 995 252 ι

177 321 340 404 exemplo,
367 341 502 404 ecquam
527 339 597 383 rem
621 318 747 403 putatis
769 339 841 383 esse
862 318 898 381 in
920 316 1033 382 Sicilia
1053 315 1115 380 nisi
1133 315 1165 379 ad

176 414 294 472 nutum
306 408 403 472 istius
420 407 619 473 iudicatam?
650 405 771 470 Utrum
786 407 822 470 id
839 407 947 470 solum
964 404 1093 469 videtur
1110 425 1164 468 esse

178 503 301 580 actum,
327 496 414 580 quod
437 501 489 560 est
510 500 622 560 tamen
643 499 765 576 actum,
791 498 830 558 ut
850 493 932 558 haec
953 493 1106 557 Heraclio
1125 514 1165 576 pe·

177 586 273 650 cunia
296 585 489 668 eriperetur,
515 605 559 648 an
580 583 679 647 etiam
701 583 798 666 illud,
823 582 945 666 inquo
967 580 1091 666 praeda
1111 583 1165 643 erat

177 675 333 754 maxima,
359 677 398 736 ut
421 672 554 736 nomine
579 671 772 735 iudiciorum
798 670 943 735 omnium
970 670 1060 734 bona
1087 672 1183 752 amnes

177 762 329 824 fortunae
349 760 386 822 in
406 760 504 823 istius
525 760 622 823 unius
644 763 754 822 essent
775 758 997 842 potestatem?
1188 833 1189 840 ἵ

7 863 8 926 ζ
124 821 168 945 ἓξ
244 849 315 911 lam
335 868 414 912 vero
435 848 472 910 in
492 869 601 912 rerum
623 847 813 932 capitalium
835 846 1084 931 quaestionibus
1105 843 1166 928 quid
1188 911 1189 930 ἶ

7 935 8 952 ’
177 955 238 1020 ego
269 957 368 1000 unam
399 957 561 1020 quamque
590 957 659 998 rem
686 935 842 1020 colligam
868 938 903 998 et
928 935 1085 998 causam?
1128 931 1189 1018 Er,

177 1025 291 1088 multis
309 1023 471 1088 similibus
494 1046 533 1088 ea
557 1045 693 1105 sumam,
715 1044 797 1106 quae
820 1023 960 1087 maxime
982 1021 1165 1106 inprobitate

176 1112 333 1177 excellere
350 1113 555 1176 videbuntur.
585 1109 724 1195 Sopater
741 1111 873 1193 quidam
890 1109 955 1174 fuit
967 1109 1186 1193 Halicyensisr

176 1201 275 1264 homo
294 1201 383 1264 domi
400 1222 478 1264 suae
496 1221 570 1264 cum
588 1199 704 1283 primis
725 1198 872 1282 locuples
894 1202 994 1280 atque
1018 1197 1164 1262 honestus.

175 1287 209 1350 Is
228 1289 271 1351 ab
289 1288 429 1352 inimicis
448 1288 515 1352 suis
538 1286 625 1371 apud
641 1285 676 1350 0.
694 1284 903 1351 Sacerdotem
925 1289 1111 1370 praetorem
1130 1283 1165 1346 rei
1188 1299 1189 1362 j

175 1375 343 1544 aare.
392 1459 778 1546 s
919 1373 1116 1525 aare
1128 1379 1165 1522 a

175 1549 325 1632 Verrem,
357 1572 430 1614 cum
456 1550 485 1613 is
513 1548 680 1614 Sacerdoti
709 1550 931 1632 successisset,
963 1549 1105 1613 eiusdem
1128 1547 1165 1610 rei
1175 1563 1189 1600 1³

173 1658 292 1701 nomen
317 1638 512 1702 detulerunt
556 1637 622 1702 Res
644 1635 784 1723 Sopatro
806 1637 912 1702 lacilis
934 1637 1117 1720 videbatur,
1140 1639 1165 1698 et

173 1725 261 1809 quod
292 1730 363 1790 erat
390 1727 545 1791 innocens
572 1730 606 1790 et
632 1725 720 1810 quod
745 1723 928 1790 Sacerdotis
956 1725 1107 1790 iudicium
1126 1724 1164 1786 in·
1188 1745 1189 1750 ¹

173 1814 313 1898 probare
346 1814 448 1878 istum
480 1835 635 1879 ausurum
666 1835 732 1878 non
767 1813 1001 1879 arbitrabatur.
1054 1812 1189 1894 (litatur¹

173 1923 262 1984 reus3
280 1925 379 1967 causa
391 1903 502 1988 agitur
515 1900 698 1986 Syracusis3
714 1901 851 1966 crimina
863 1905 1051 1966 tractantur
1069 1902 1106 1966 ab
1122 1922 1164 1964 ac-
1188 1923 1189 1984 j

173 1993 322 2053 cusatorc
348 2012 401 2072 ea,
428 2011 511 2072 quae
533 1993 628 2053 erant
649 1993 746 2053 antea
767 2011 834 2054 non
855 1989 962 2053 solum
986 1989 1189 2068 defendebar

121 2087 155 2134 69
174 2097 287 2138 verum
305 2077 404 2140 etiam
422 2076 540 2140 iudicio
560 2077 729 2142 dissoluta
761 2076 901 2142 Causam
919 2074 1053 2162 Sopatri
1074 2075 1163 2141 defen·
1188 2087 1189 2092 ’

173 2161 272 2224 debat
294 2160 330 2236 Q.
352 2161 527 2245 Minucius,
555 2184 652 2246 eques
675 2163 841 2230 Romanus
868 2165 903 2230 in
929 2165 1048 2250 primis
1074 2164 1163 2250 splen
1188 2171 1189 2176 ’

173 2247 266 2311 didus
290 2252 387 2332 atque
409 2249 566 2314 honestus
587 2249 760 2337 vobisque,
786 2253 920 2336 iudices,
947 2274 1015 2318 non
1036 2254 1162 2340 ignotus.
1188 2247 1189 2250 ’

172 2333 265 2399 Nihil
279 2339 350 2400 erat
362 2336 398 2400 in
410 2358 517 2421 causa,
536 2338 623 2422 quod
640 2341 847 2406 metuendum
866 2344 923 2405 aut
942 2342 1075 2406 omnino
1092 2337 1162 2424 quod
1188 2367 1189 2370 ¹

171 2423 385 2489 dubitandum
411 2425 583 2492 videretur.
627 2426 758 2493 Interea
782 2428 878 2493 istius
905 2429 1046 2494 libertus
1073 2433 1103 2494 et
1122 2443 1189 2491 aiz-r

171 2533 286 2577 census
318 2512 551 2598 Timarchides,
587 2515 643 2600 qui
675 2519 739 2599 est,
772 2517 806 2580 id
839 2516 926 2600 quod
957 2537 997 2580 ex
1028 2513 1161 2601 plurimis
1188 2541 1189 2547 ¹

171 2599 311 2665 testibus
331 2601 440 2686 priore
463 2602 590 2668 actione
613 2603 780 2687 didicistis,
802 2625 911 2669 rerum
933 2601 1161 2671 huiuscemodi
1188 2597 1189 2634 ³

172 2688 315 2752 omnium
334 2693 518 2755 transactor
541 2694 574 2756 et
596 2691 794 2775 administer,
817 2691 858 2755 ad
881 2689 1058 2776 Sopatrum
1078 2691 1160 2770 venit,

171 2780 284 2841 monet
300 2777 474 2861 hominem,
496 2799 537 2842 nc
554 2779 652 2844 nimis
670 2779 788 2844 iudicio
807 2777 991 2845 Sacerdotis
1010 2785 1044 2846 at
1061 2797 1159 2847 cauam
1188 2783 1189 2788 ’

171 2884 249 2929 suas
270 2866 425 2948 confidat3
448 2870 651 2931 accusatores
674 2866 885 2952 inimicosque
908 2869 976 2933 eius
999 2869 1116 2934 habero
1133 2863 1189 2928 ind

172 2951 281 3016 animo
308 2953 478 3036 pecuniam
505 2955 650 3038 praetori
677 2954 766 3038 darc,
793 2959 978 3040 praetorem
1001 2961 1108 3023 tamen
1127 2953 1158 3017 ob
1188 2947 1189 2996 ³

172 3037 311 3104 salutem
329 3041 429 3106 malls
449 3041 601 3126 accipere,
625 3046 658 3106 et
675 3042 773 3108 simul
792 3045 899 3128 malle,
921 3045 950 3108 si
967 3045 1039 3110 fieri
1056 3043 1159 3129 posset,
1188 3033 1189 3090 l

171 3143 240 3223 rem
262 3126 436 3228 iudicatam
459 3150 525 3195 non
547 3130 736 3230 rescindere.
777 3127 924 3216 Sopater,
946 3155 1020 3199 cum
1041 3133 1101 3197 hoc
1120 3126 1159 3192 illi
1188 3125 1189 3200 ἶ

170 3220 1159 3392 ltttt{tutt:zrttttttttzttttdttsstf

169 3378 273 3496 {1er
296 3385 424 3471 habuit,
447 3391 563 3456 nisiae
588 3393 880 3479 consideraturum,
903 3397 980 3478 quid
1003 3397 1066 3461 gibi
1086 3393 1158 3458 esset

186 3469 359 3551 '‘“ndum
383 3477 416 3536 et
434 3476 531 3540 simul
555 3479 697 3544 ostendit
721 3502 755 3544 se
777 3482 811 3545 in
834 3503 961 3548 summa
983 3481 1158 3550 difficultate
