2386 3938
327 168 405 226 OAP.
423 176 493 225 4-6
512 175 528 235 9
546 175 658 225 12-17.
940 169 1003 234 127

40 330 67 372 ne
83 311 170 375 multa
190 312 323 378 crimina
339 314 598 399 praetermittere
613 335 710 398 quam
723 335 765 379 ne
780 336 844 398 qua
856 314 890 378 in
903 315 1003 379 istum

39 399 128 483 fingere
155 400 322 466 existimer.
376 401 490 486 Neque
523 401 609 468 enim
644 402 726 467 mihi
762 403 889 467 videtur
924 403 1004 467 baec

38 487 181 570 multitudo,
195 511 279 573 quae
298 489 339 555 ad
358 489 551 556 audiendum
570 489 729 574 convenit,
753 511 946 576 cognoscere
964 512 1004 555 ex

38 595 72 637 ne
91 597 204 640 ursam
229 579 387 662 voluisse,
420 578 476 642 sod
503 600 554 662 ea,
586 599 668 663 quae
696 578 771 662 soit,
802 599 928 643 mecum
957 599 1004 642 re

21 677 196 747 tcognoscare.

81 749 154 826 Quae
179 775 250 818 oum
278 754 327 818 ita
350 755 429 838 sint,
456 755 519 820 iste
541 754 641 820 bomo
664 775 775 820 amens
798 777 836 820 ac
857 755 1003 840 perditus
1023 753 1045 816 6

38 838 81 901 dia
96 861 208 906 mecum
229 843 359 908 ratione
381 847 521 929 pugnat3
548 863 615 908 non
636 843 670 906 id
693 843 776 928 agit,
803 847 841 907 ut
868 843 1004 908 alicuius

38 924 212 1010 eloquentiam
225 931 309 994 mihi
329 935 487 1016 opponat3
503 952 576 1003 non,
589 931 706 1017 gratia,
725 953 792 996 non
811 933 1004 996 auctoritate

37 1016 191 1103 cuiusquam,
212 1040 281 1084 non
298 1019 447 1104 potentia
464 1019 589 1084 nititur.
626 1017 767 1084 Simulat
784 1019 836 1083 bis
855 1041 889 1083 se
907 1021 1003 1084 rebus

21 1102 167 1190 ireddere,
203 1107 260 1172 sed
296 1107 404 1191 video,
440 1107 518 1191 quid
553 1111 645 1193 agat3
679 1128 784 1190 neque
815 1106 900 1172 enim
934 1107 1004 1192 agit

37 1192 224 1278 occultissima
247 1196 404 1280 proponit
425 1195 536 1260 inania
558 1195 639 1260 mihi
658 1195 851 1279 nobilitatis,
873 1195 935 1260 hoo
954 1197 1005 1259 est

36 1274 162 1346 hunnum
196 1284 438 1370 arrogantium,
471 1284 619 1367 nomina,
654 1283 711 1369 qui
745 1305 812 1348 non
847 1286 916 1348 tem
952 1305 1004 1348 ma

36 1363 186 1456 inpediunt,
214 1372 303 1455 quod
325 1372 451 1436 nobiles
480 1376 569 1456 sunt,
597 1393 694 1456 quam
722 1371 890 1454 adiuvant,
918 1371 1004 1456 quod

36 1455 83 1517 noti
96 1463 167 1524 sunt.
203 1457 346 1524 Simulat
364 1481 398 1524 se
421 1481 533 1526 eorum
555 1459 717 1545 praesidio
740 1461 908 1544 confidere,
931 1481 1004 1525 oum

22 1539 123 1610 *interea
150 1548 237 1613 aliud
271 1534 425 1633 quiddam
455 1548 522 1613 iam
554 1548 609 1612 diu
638 1548 848 1613 machinetur.
899 1547 1003 1624 Quam
1024 1569 1057 1617 16

38 1647 97 1726 §peu
105 1656 179 1700 nuno
192 1637 318 1701 habeat
330 1637 365 1700 in
378 1637 528 1702 manibus
543 1640 576 1701 et
590 1634 668 1719 quid
681 1635 844 1720 moliatur,
861 1637 1005 1701 breviter

37 1737 87 1802 an,
107 1721 233 1809 iudices,
262 1724 356 1789 vobis
380 1746 551 1810 exponam,
574 1725 630 1789 sed
652 1725 757 1809 prius,
784 1729 822 1788 ut
845 1724 886 1787 ab
909 1723 1003 1787 initio

37 1823 68 1867 res
84 1810 116 1874 ab
136 1833 170 1877 eo
192 1812 376 1879 constituta
399 1813 456 1897 sit,
479 1833 608 1897 quaeso,
630 1812 825 1896 cognoscite.

78 1894 114 1961 Ut
128 1901 269 1984 primum
287 1923 305 1965 e
322 1900 490 1985 provincia
507 1901 612 1983 rediit,
635 1899 814 1983 redemptio
835 1901 886 1962 ost
907 1897 1004 1962 huius

22 1979 111 2049 ¹iudicii
136 1987 222 2054 facta
256 1989 371 2075 grandi
402 1989 546 2074 pecunia.
597 1987 720 2052 Mansit
751 1987 787 2051 in
819 1985 1004 2051 condicione

38 2071 101 2152 alque
119 2081 209 2160 pacto
232 2098 336 2160 usque
360 2075 401 2140 ad
424 2099 496 2141 eum
518 2077 626 2160 finem,
651 2074 870 2142 dumiudices
892 2074 1004 2140 reiecti

37 2164 92 2222 lunt.
130 2163 348 2249 Posteaquam
374 2165 505 2230 reiectio
535 2164 676 2229 iudicum
707 2164 795 2228 facta
823 2167 886 2246 est,
917 2163 1005 2249 quod

38 2247 100 2312 elin
121 2253 288 2318 sortitione
314 2252 410 2318 istius
439 2274 530 2337 spem
560 2252 694 2318 fortuna
724 2251 837 2337 populi
864 2251 1005 2316 Romani

38 2335 57 2428 pt
84 2336 111 2400 in
143 2341 313 2407 reiciendis
349 2340 519 2405 iudicibus
543 2361 616 2405 mea
656 2340 826 2426 diligentia
865 2339 1004 2406 istorum

22 2424 229 2504 *inpudentiam
267 2429 401 2512 vianet,
438 2429 624 2493 renuntiata
660 2431 711 2492 est
745 2432 818 2493 tota
850 2428 1003 2494 condicio,

38 2501 164 2582 Praeclare
187 2539 223 2583 se
245 2539 298 2582 res
320 2517 477 2600 habebat3
504 2517 610 2581 libelli
631 2516 798 2581 nominum
821 2521 1003 2582 vestrorum
1025 2538 1058 2585 rr

39 2601 184 2688 consiliique
198 2607 296 2671 huius
310 2606 345 2670 in
359 2605 508 2671 manibus
527 2607 620 2672 erant
638 2604 795 2686 omnium3
813 2606 905 2669 nulla
917 2607 1005 2684 nota,

38 2685 236 2778 ullusoolor,
253 2694 374 2758 nullae
402 2693 512 2758 sordes
539 2693 733 2758 videbantur
758 2692 810 2756 his
835 2691 1004 2757 sententiis

39 2771 99 2868 dliii
120 2803 225 2867 posse,
254 2805 326 2848 oum
352 2781 415 2846 iste
443 2785 575 2866 repento
604 2802 642 2845 ex
669 2780 769 2844 alacri
797 2783 894 2864 etque
917 2780 1004 2842 laeto

21 2860 67 2922 'ue
83 2872 139 2931 erat
159 2863 293 2936 humilis
317 2873 415 2954 atque
438 2868 605 2952 demissus,
627 2872 751 2934 utnon
768 2868 864 2932 modo
883 2866 1005 2950 populo

39 2941 158 3040 Romano,
184 2959 241 3023 sed
268 2959 366 3023 etiam
395 2957 458 3022 sibi
486 2957 556 3042 ipse
580 2957 811 3022 condemnatus
834 2954 1005 3019 videretur.

39 3029 93 3104 Eue
114 3050 218 3112 autem
243 3051 376 3132 repente
404 3045 591 3111 hisdiebus
618 3045 730 3130 paucis
758 3041 898 3107 comitiis
931 3063 1004 3108 con-

40 3123 160 3199 uluibus
190 3135 287 3201 factis
320 3135 433 3200 eadem
463 3133 524 3199 illa
552 3137 665 3198 vetera
700 3130 835 3197 consilia
870 3131 1007 3216 pecunia

41 3214 125 3284 uaiore
144 3226 342 3308 repetuntur,
365 3221 558 3306 eaedemque
580 3224 710 3287 vestrae
726 3218 833 3284 famae
852 3219 1005 3284 fortunis-

21 3294 79 3377 ⁸ll0
89 3311 219 3376 omnium
232 3311 369 3376 insidiae
382 3331 441 3395 per
454 3310 583 3376 eosdem
601 3309 748 3374 homines
767 3312 1007 3392 comparantur.

43 3381 98 3476 luae
122 3418 170 3462 res
200 3400 319 3484 primo,
347 3398 483 3482 indices,
513 3397 661 3483 pertenui
692 3395 786 3461 nobis
814 3399 1005 3481 argumento

42 3474 180 3569 udicioqne
191 3487 355 3572 patefacta
369 3489 432 3571 est3
445 3489 522 3572 post
536 3487 649 3571 aperto
664 3483 855 3568 suspicionis
869 3482 1005 3547 introitu
