2402 3936
161 165 227 230 304
457 164 498 218 IN
516 163 546 218 0.
564 161 720 216 VERREM
737 161 816 216 ACT.
836 161 869 215 H.

161 309 227 374 ism
255 305 376 373 dudum
403 307 533 390 loquor,
559 306 601 370 ad
626 306 728 371 aliam
755 305 979 389 quaestionem
1004 307 1105 388 atque
1130 305 1168 368 ad

110 409 145 460 84
163 397 334 482 penulatus
351 394 506 460 iudicium
526 393 710 478 pertinere?
745 393 862 476 ltaque
884 393 948 458 hoo
970 391 1052 456 milri
1074 413 1168 492 reser-

163 485 248 550 vabo
269 505 370 571 genus
392 486 501 548 totum
522 481 702 568 integrum,
725 481 766 546 sd
788 481 892 563 illam,
914 502 1014 564 qnam
1034 479 1169 560 iustitur,

163 593 294 640 oausam
316 570 473 638 frumenti
495 591 533 636 ao
555 569 762 634 decumarum
782 573 939 634 revertar.

230 661 292 738 Qui
323 681 397 726 oum
429 679 527 745 agros
558 658 719 722 maximos
746 660 779 722 et
805 655 1027 723 isrsoisafmos
1053 677 1114 742 per
1140 673 1190 720 ses

162 749 284 834 ipsum,
310 747 374 814 hoo
399 751 451 811 est
477 767 536 832 per
552 745 749 830 Apronium,
776 743 914 809 Verrem
942 745 1096 828 mmmm,
1123 745 1170 808 de

162 837 389 920 popularetur,
415 835 457 900 ad
479 834 621 899 minores
645 833 795 899 eivitates
816 833 964 898 habebat
987 833 1072 898 alios
1092 855 1169 917 qnos

162 929 331 1008 tamquam
358 943 454 988 osnes
481 922 689 1003 immitteret,
714 943 855 1006 nequam
883 921 1034 987 homines
1061 924 1095 986 et
1116 921 1168 985 irn-

162 1011 298 1096 probos,
326 1012 443 1096 quibus
471 1014 528 1076 sut
548 1009 749 1075 frumentum
772 1013 830 1074 aut
851 1009 1024 1094 peuuuism
1045 1009 1168 1094 publiea

111 1097 153 1162 37
164 1101 303 1186 cogebat
334 1099 413 1165 dari.
458 1097 497 1162 A.
515 1095 687 1164 Valentius
718 1100 770 1162 est
800 1097 837 1162 in
864 1095 977 1163 Sicilia
1005 1098 1195 1182 interpres!

164 1209 228 1272 quo
250 1187 314 1254 iste
336 1188 514 1272 interprete
536 1207 604 1251 non
626 1186 668 1251 ad
690 1185 737 1250 lin
805 1207 839 1250 m
862 1183 1033 1269 Graecam,
1054 1185 1111 1250 ssd
1133 1185 1169 1249 sd

162 1276 253 1340 furta
275 1280 308 1340 et
330 1275 458 1362 flagitia
479 1274 529 1340 uti
551 1274 686 1352 solebat,
755 1273 779 1337 't
801 1272 856 1338 hio
877 1272 1056 1359 interpres,
1076 1273 1167 1338 homo

163 1364 245 1428 levis
264 1369 362 1447 atque
381 1384 489 1450 egens,
506 1365 638 1448 repente
657 1361 866 1443 decumanum
890 1362 971 1426 emit
988 1361 1063 1448 egri
1078 1360 1168 1446 Lipa-

164 1451 267 1515 rensis
281 1451 393 1516 miseri
406 1455 505 1534 atque
522 1450 622 1516 ieiuni
639 1449 789 1515 dsoumas
807 1448 911 1516 tritioi
928 1450 1100 1516 medimnis
1117 1465 1167 1514 nc.

163 1537 355 1622 Liparenses
382 1543 555 1620 vocantur,
580 1538 644 1622 ipsi
666 1538 811 1622 aooipore
832 1535 988 1603 desum
1012 1542 1045 1603 et
1066 1549 1195 1604 numen

163 1647 237 1691 rare
254 1625 409 1692 Valentio
437 1630 598 1712 coguntur
620 1624 703 1692 luori
725 1623 780 1690 HS
802 1627 887 1692 x‘x'i.
928 1625 994 1691 Per
1015 1626 1092 1691 deos
1112 1627 1166 1689 im-

164 1715 335 1780 mortales!
364 1717 474 1780 utrum
497 1714 560 1779 tibi
582 1733 690 1779 sumes
713 1713 756 1780 ad
777 1713 1014 1797 defensionem,
1040 1717 1165 1780 tantone

164 1803 299 1868 minoris
331 1806 365 1867 te
397 1801 547 1868 decumas
576 1801 773 1884 vendidisse,
802 1806 841 1866 ut
867 1802 910 1869 ad
935 1802 1099 1868 medimna
1123 1817 1164 1866 uc

164 1890 221 1956 Hs
244 1891 319 1957 i‘x‘x
349 1891 431 1957 lueri
463 1890 577 1955 statim
607 1911 667 1954 sua
692 1890 861 1955 voluntate
886 1890 1006 1956 oivitas
1034 1889 1165 1970 adderet,

164 1979 227 2044 hoo
250 1983 301 2044 est
316 1979 422 2043 luitici
439 1978 637 2042 medimnum
655 1980 692 2060 ii,
716 1998 768 2062 an,
791 2001 865 2043 oum
883 1999 1005 2064 magno
1024 1979 1194 2062 desumaq

165 2065 371 2147 vendidisses,
388 2069 422 2128 te
436 2063 634 2149 expressisse
652 2066 695 2131 ab
713 2065 825 2132 invitis
839 2065 1074 2151 Liparensibus
1090 2067 1164 2130 haue
1193 2079 1194 2161 p

112 2165 147 2214 85
164 2153 357 2238 peemam?
402 2150 465 2216 Sed
491 2150 570 2234 quid
597 2171 658 2237 ego
687 2175 726 2218 ex
747 2157 781 2218 te
800 2175 940 2238 quaero,
967 2155 1047 2239 quid
1068 2153 1163 2219 defen·

165 2261 259 2304 surus
291 2238 351 2322 sis,
382 2238 491 2322 potius
520 2259 619 2322 quam
645 2261 840 2326 cognomen
867 2263 907 2306 ex
932 2242 1008 2327 ipsa
1034 2243 1162 2322 oiritstq

165 2327 242 2411 quid
269 2330 399 2413 gestum
425 2325 492 2391 sit?
536 2325 651 2393 Reoitu
677 2329 901 2396 testimonium
928 2329 1095 2415 publicum
1118 2329 1162 2394 Ii·

164 2415 363 2500 parensium,
391 2413 504 2480 deiude
531 2436 627 2500 quem
655 2415 697 2482 sd
722 2418 854 2483 modum
876 2419 1004 2484 nummi
1021 2417 1192 2484 Valentio*

165 2504 233 2570 sint
263 2504 340 2569 dati.
385 2503 629 2570 Tssrnsoururs
654 2521 842 2572 ruamouu.
884 2504 964 2582 Quo
991 2525 1091 2574 nono
1115 2523 1160 2572 so
1191 2497 1192 2591 l

164 2609 286 2659 annun
303 2609 367 2675 ssu,
388 2609 436 2657 ux
453 2608 616 2657 arrrsms
633 2609 799 2660 rusmors
835 2592 990 2660 Etiamne
1007 2595 1087 2662 haec
1102 2599 1161 2659 tam

164 2703 267 2766 parva
293 2679 422 2764 civitas,
448 2683 518 2745 tam
544 2680 658 2764 prooul
685 2703 706 2746 a
731 2681 881 2747 manibus
908 2683 976 2747 tuis
1003 2688 1100 2768 atque
1122 2683 1160 2762 [a]

165 2771 340 2853 conspectu
361 2770 496 2852 remota,
519 2767 665 2833 seiuncta
682 2791 704 2834 a
721 2766 841 2853 Sicilia,
863 2770 898 2836 in
920 2770 1030 2838 insula
1050 2771 1160 2837 insulta
1190 2725 1191 2807 l

163 2857 318 2941 tenuique
336 2856 454 2942 posits,
476 2856 641 2928 cumulata
659 2855 733 2921 aliis
750 2857 818 2922 tuis
836 2858 1016 2925 maioribus
1038 2859 1190 2935 iniuriis!

164 2944 200 3008 in
230 2945 293 3010 hoo
325 2965 452 3028 quoque
482 2943 697 3008 frumentario
729 2965 847 3030 genere
877 2947 1019 3031 praedae
1050 2948 1160 3014 tibist
1189 2939 1190 3021 l

168 3033 317 3112 quaestui
330 3032 416 3096 fuit?
448 3029 553 3105 Quam
566 3035 603 3096 tu
617 3035 723 3098 totam
736 3032 878 3100 instalum
897 3035 1025 3101 ouidm
1042 3040 1160 3102 tuomm

166 3117 327 3184 sodalium
359 3120 443 3185 siout
472 3117 605 3203 aliquod
631 3123 858 3188 munusculum
885 3124 1098 3205 oondonarss,
1125 3121 1159 3186 sb
1188 3145 1189 3166 ³

165 3204 226 3270 hac
243 3206 343 3272 etiam
360 3207 441 3272 hseo
458 3206 673 3274 frumentaria
691 3209 781 3274 luera
798 3214 969 3295 tamquam
987 3234 1007 3278 a
1023 3211 1159 3278 mediter·
1188 3167 1189 3239 l

165 3292 273 3355 reneis
287 3293 523 3378 exigebantur?
554 3294 679 3380 Itaque,
698 3297 755 3380 qui
766 3301 820 3364 tot
837 3300 931 3364 annis
950 3301 1077 3386 agellos
1094 3305 1188 3364 suos*

166 3377 213 3472 [te
244 3381 406 3458 praetore]
439 3379 596 3447 redimere
627 3405 648 3448 a
677 3383 795 3468 piratis
827 3386 990 3473 solebant,
1019 3389 1104 3454 idem
1130 3405 1158 3448 se
1187 3397 1188 3455 l

164 3480 253 3541 rpsos
277 3482 297 3524 a
319 3466 352 3525 te
374 3466 480 3546 pretio
502 3469 658 3553 imposito
681 3471 895 3539 redemerunt.
