2392 3944
158 181 222 244 212
458 177 498 232 IN
516 177 545 232 O.
560 176 715 231 VERREM
733 176 809 232 Aer.
828 176 861 230 Π.

158 328 191 388 et
217 323 323 408 primo
348 322 407 389 illc
431 345 489 388 suo
512 320 634 387 leniore
658 321 795 386 artificio
818 319 1007 386 Heraclium
1029 319 1152 406 aggredi

157 416 306 495 conatur,
333 414 371 476 nt
392 431 468 476 eum
490 412 584 496 roget
606 408 823 493 inspiciunda,
848 431 930 492 quae
952 429 1020 474 non
1041 408 1152 473 reddat.

157 501 315 566 Deindea
334 499 527 584 quibusdam
546 494 756 580 Syracusanis
776 497 968 562 admonetur
986 493 1036 581 (hi
1053 502 1152 561 autern

158 594 252 655 erant
269 587 400 672 quidam
420 587 541 652 adfines
561 585 667 668 istius,
689 606 826 669 quorum
848 585 911 650 iste
934 605 1050 650 uxores
1073 606 1153 648 num·

158 699 255 762 quam
278 675 401 740 alienas
425 673 631 756 existimavit,
655 670 843 739 Cleomenes
866 677 900 738 et
918 671 1086 756 Aeschrio,
1108 673 1174 756 quir

158 767 314 850 quantum
329 762 415 848 apud
428 764 528 827 istum
544 765 577 826 et
594 783 692 844 quam
709 762 799 847 turpi
817 761 856 826 de
874 783 973 827 causa
990 761 1155 844 potuerint,
1188 819 1189 838 ,

158 875 196 917 ex
214 851 346 935 reliquis
366 851 553 916 criminibus
576 849 790 936 intellegetis)
813 885 855 896 ——
878 849 923 934 hi,
945 853 984 914 ut
1007 849 1088 933 dico,
1107 849 1155 913 ho
1188 857 1189 868 ¹

157 940 278 1005 minem
292 939 468 1004 admonent
481 959 550 1003 rem
564 958 633 1004 esse
647 938 857 1022 praeclaram,
871 939 997 1003 domm
1010 937 1154 1002 refertam
1188 949 1189 986 ³

157 1029 307 1095 omnibus
326 1029 431 1112 rebus,
449 1027 556 1112 ipsum
576 1028 685 1091 autem
701 1026 887 1091 Heraclium
906 1025 1076 1091 hominem
1093 1045 1153 1090 esse
1188 1069 1189 1076 κ

156 1118 312 1184 maiorem
330 1120 420 1200 natu,
436 1137 504 1181 non
520 1114 815 1200 promptissimum,
838 1135 912 1178 eum
930 1117 1063 1198 praeter
1080 1113 1189 1178 Mar-101

156 1207 256 1271 cellos
283 1209 471 1291 patronum,
499 1225 594 1288 quem
620 1225 678 1273 suo
710 1207 780 1270 iure
804 1202 892 1267 adire
916 1206 974 1267 aut
997 1203 1153 1288 appellare
1188 1215 1189 1254 l

155 1296 279 1379 posset,
307 1293 428 1358 habere
450 1291 625 1374 neminem3
652 1311 722 1355 csse
744 1297 780 1354 in
802 1311 840 1355 co
863 1294 1078 1373 testamento,
1099 1310 1152 1373 quo
1188 1337 1189 1344 ,

155 1381 212 1446 ille
239 1382 333 1446 heres
361 1383 448 1446 esset
473 1379 627 1464 scriptus,
654 1381 692 1443 ut
714 1381 840 1443 statuas
862 1377 898 1460 in
920 1379 1088 1462 palaestra
1109 1378 1152 1440 de
1188 1373 1189 1433 ἰ

155 1469 247 1533 beret
277 1489 406 1553 ponere.
456 1465 653 1551 ‘Faciamus,
670 1469 722 1532 vut
752 1466 964 1550 palaestritae
996 1487 1037 1531 ex
1065 1470 1152 1531 testa-

154 1559 265 1621 mento
288 1558 409 1642 negent
432 1575 501 1620 esse
524 1555 663 1638 positas,
688 1557 802 1638 petant
823 1553 1054 1638 hereditatem,
1078 1551 1180 1638 quoda

102 1657 136 1706 37
156 1665 227 1708 eam
246 1643 429 1729 palaestrae
448 1643 654 1708 commissam
675 1662 745 1706 esse
765 1641 895 1707 deant?
927 1641 1058 1707 Placuit
1079 1641 1152 1706 ratic
1188 1663 1189 1701 ;

155 1729 264 1815 Verri3
290 1752 368 1796 nam
394 1731 457 1796 hoc
485 1731 593 1796 animo
621 1729 826 1815 providebat,
852 1751 926 1795 cum
952 1733 1050 1795 tanta
1076 1730 1153 1794 here
1188 1765 1189 1788 2

156 1822 242 1887 ditas
269 1821 304 1885 in
331 1819 586 1885 controversiam
613 1818 755 1884 venisset
781 1817 963 1901 iudicioque
989 1821 1152 1902 peteretur,

155 1910 227 1974 fieri
252 1931 319 1976 non
345 1930 456 1993 posse,
483 1911 520 1972 ut
544 1907 612 1972 sine
634 1906 756 1992 praeda
776 1906 847 1991 ipse
870 1905 1057 1971 discederet.
1098 1905 1153 1988 Ap
1188 1959 1189 1964 ,

155 1998 275 2082 probat
297 1995 477 2077 consilium,
501 1998 613 2060 auctor
636 1998 696 2079 est,
717 1999 755 2059 ut
778 2015 875 2078 quam
898 1993 1042 2078 primunr
1065 2007 1181 2080 agerer

154 2085 311 2169 incipiant
342 2082 570 2166 hominemque
601 2081 635 2145 id
667 2082 784 2147 aetatis
817 2081 949 2146 minime
979 2081 1152 2168 litigiosum
1188 2137 1189 2144 ,

155 2193 252 2255 quam
275 2168 567 2235 tumultuosissime
591 2168 789 2256 adoriantur.
829 2167 990 2235 Scribitur
1008 2169 1152 2236 Heraclio
1188 2209 1189 2230 2

103 2265 144 2328 15
155 2259 233 2323 dica.
265 2257 375 2322 Primo
396 2255 557 2320 mirantur
575 2277 687 2322 omnes
710 2257 944 2343 inprobitatem
966 2258 1152 2336 calumniae
1188 2295 1189 2320 ;

154 2345 277 2429 deinde,
300 2345 356 2429 qui
373 2345 473 2409 istum
496 2349 639 2428 nossent,
661 2347 782 2431 partim
805 2345 1064 2431 suspicabantur,
1087 2367 1152 2430 par·
1188 2399 1189 2410 ,

154 2435 214 2498 tim
241 2434 337 2519 plane
365 2433 519 2498 videbant
547 2433 707 2499 adiectum
730 2455 801 2499 esse
824 2434 953 2500 oculum
976 2432 1189 2500 hereditaria

153 2523 282 2588 Interea
301 2521 368 2587 dies
388 2522 528 2606 advenit,
551 2543 614 2606 quo
634 2523 684 2586 die
703 2543 773 2587 sese
792 2544 831 2586 ex
849 2522 1004 2587 instituto
1027 2544 1064 2588 ac
1086 2523 1152 2606 lege

153 2611 287 2697 Rupilia
310 2610 397 2676 dicas
420 2611 612 2675 sortiturum
636 2607 803 2694 Syracusis
826 2610 889 2675 iste
912 2611 1065 2675 edixerat.
1101 2609 1153 2674 Pa·
1188 2613 1189 2674 ζ

153 2704 244 2765 ratus
273 2698 323 2764 ad
337 2699 422 2764 hanc
445 2698 549 2764 dicam
572 2698 770 2763 sortiendam
792 2701 934 2763 venerat.
980 2697 1064 2763 rum
1086 2717 1152 2762 eum

154 2788 247 2853 docet
273 2786 445 2852 Heraclius
476 2807 542 2850 non
569 2807 665 2871 posse
693 2808 730 2852 eo
759 2786 809 2850 die
837 2787 961 2869 sortiri,
994 2785 1080 2871 quod
1106 2785 1152 2849 lex

152 2874 285 2960 Rupilia
298 2879 424 2940 vetaret
439 2875 550 2939 diebus
565 2892 637 2939 xxx
652 2875 763 2939 sortiri
777 2874 890 2958 dicam,
905 2875 1023 2959 quibus
1039 2874 1151 2958 scripta
1161 2885 1180 2925 ³⁰

154 2967 248 3028 esset.
284 2963 362 3029 Dies
377 2982 450 3029 xxx
465 2962 609 3028 noudum
627 2961 765 3028 fuerant.
801 2959 962 3048 Sperabat
978 2963 1150 3042 Heraclius,

154 3051 181 3114 si
204 3051 298 3115 illum
321 3052 406 3116 diem
429 3051 610 3136 effugisset,
633 3053 709 3115 ante
731 3050 869 3116 alteram
893 3052 1097 3118 sortitionem
1119 3049 1150 3123 Q.

153 3135 295 3220 Arrium,
318 3160 413 3222 quem
432 3139 599 3224 provincia
617 3141 688 3202 tum
705 3139 846 3204 maxime
864 3141 1066 3224 expectabat,
1088 3159 1150 3203 suc-

102 3243 136 3294 as
155 3244 329 3290 cessurum.
378 3228 446 3292 Iste
473 3227 623 3293 omnibus
651 3227 730 3292 dicis
758 3226 842 3292 diem
870 3227 999 3293 distulit
1026 3231 1059 3293 et
1085 3245 1149 3291 eam

154 3313 238 3375 diem
267 3314 449 3398 constituit,
476 3319 514 3379 ut
540 3315 624 3379 hanc
646 3314 790 3381 Heraclii
818 3315 921 3382 dicam
947 3315 1061 3382 sortiri
1081 3315 1179 3400 postu

154 3397 222 3496 dies
240 3399 378 3496 triginta
396 3421 434 3462 ex
452 3403 526 3487 lege
545 3407 665 3487 posset.
705 3402 884 3486 Postquam
907 3425 944 3468 ea
968 3404 1036 3468 dier
1060 3401 1148 3480 venit,

152 3484 216 3546 rste
243 3488 357 3551 mount
385 3486 537 3551 simulare
560 3511 595 3554 se
617 3490 703 3555 velle
726 3491 844 3557 sortiri.
891 3491 1062 3558 Heraclius
1083 3511 1147 3555 cum
