2404 3928
163 139 229 204 374
464 137 503 190 IN
522 137 551 192 C.
566 136 720 190 VERREM
737 135 816 191 Aen.
833 137 869 194 11.

162 283 290 348 civitati
311 281 478 366 invidetis,
505 282 648 365 itemque
669 281 785 348 incolis
808 281 941 365 vestris,
962 281 1085 348 civibus
1105 281 1160 346 Ro

163 371 282 456 manis,
318 371 486 436 ostendere
519 369 645 454 soletis,
682 392 745 454 quo
778 370 885 435 minus
918 370 983 435 sibi
1013 370 1161 456 adrogent

163 460 333 544 minusque
363 479 421 524 vos
452 457 645 542 despiciant,
678 480 751 524 curn
782 458 915 524 videant
946 458 998 523 ius
1029 458 1161 524 civitatis

163 548 221 614 illo
245 548 404 634 supplicio
427 567 498 612 esse
521 550 708 612 mactatum.

110 609 153 734 {2
228 635 459 710 Verumhaec
481 634 598 700 emisse
619 638 654 699 te
676 634 766 699 dicis.
806 633 912 709 Quid?
944 634 1006 699 illa
1027 633 1182 702 Anonos

129 687 235 790 ⁷tota
262 722 372 789 Sicilia
399 723 569 788 nominata
598 723 640 788 ab
668 722 780 788 ecdem
806 721 891 786 Heio
918 723 1164 808 peripetasmata

163 833 268 877 emere
304 812 427 876 oblitus
460 812 518 876 es?
567 810 674 876 Licuit
710 810 822 875 eodem
854 811 967 894 modo,
1002 815 1041 877 ut
1071 812 1163 897 signa.

163 899 246 975 Quid
267 899 353 964 enim
376 905 485 966 actum
508 900 580 964 est?
608 920 651 965 an
673 898 794 964 litteris
816 899 1016 983 pepercisti?
1052 899 1163 964 Verum

161 987 328 1054 hominem
355 992 517 1054 amentem
544 988 606 1054 hoc
632 987 732 1074 fugit3
759 987 866 1053 minus
894 988 1021 1053 clarum
1046 987 1163 1073 putarit

162 1077 245 1162 sore,
272 1077 359 1162 quod
384 1078 423 1142 de
446 1076 600 1160 armario,
628 1098 726 1160 quam
749 1075 836 1160 quod
857 1074 897 1141 de
920 1077 1066 1142 sacrario
1088 1080 1162 1141 esset
1173 1095 1189 1132 u

164 1166 320 1232 ablatum.
360 1165 407 1231 At
424 1186 487 1250 quo
505 1164 602 1230 modo
621 1164 779 1229 abstulit?
815 1162 891 1228 Non
909 1185 1047 1248 possum
1070 1165 1162 1230 dicere

163 1255 302 1339 planius,
325 1275 423 1339 quam
441 1255 511 1339 ipse
529 1252 615 1336 apud
637 1273 696 1318 vos
719 1252 801 1316 dixit
817 1251 930 1317 Heius.
971 1251 1056 1318 Cum
1079 1274 1161 1336 qnae

164 1343 293 1424 sissem,
318 1365 396 1408 num
425 1341 500 1427 quid
525 1341 613 1406 alind
636 1341 792 1406 debonis
815 1340 884 1405 eius
906 1343 1108 1424 pervenisset
1129 1340 1162 1405 ad

162 1427 308 1512 Verrem,
325 1430 493 1514 respondit
505 1429 606 1494 istum
619 1429 661 1494 ad
680 1449 714 1493 ae
733 1427 870 1514 misisse,
887 1432 926 1493 ut
945 1429 1011 1494 sibi
1028 1430 1162 1494 mitteret

162 1516 382 1603 Agrigentum
403 1517 666 1603 peripetasmata
708 1516 873 1601 Quaesivi,
900 1517 1093 1601 misissetnc3
1119 1533 1191 1581 reu

163 1604 307 1689 spondit,
341 1605 375 1670 id
406 1607 492 1690 quod
523 1627 652 1672 necesse
684 1610 769 1689 erat,
800 1626 835 1670 se
867 1605 955 1671 dicto
988 1607 1161 1672 audientem

161 1693 262 1759 luisse
285 1693 436 1778 praetori,
460 1694 596 1760 misisse.
636 1693 773 1780 Rogavi,
794 1694 1061 1777 pervenissentne
1073 1694 1161 1780 Agri-

163 1786 311 1868 gentum3
333 1782 415 1848 dixit
435 1783 628 1866 pervenisse.
669 1781 834 1864 Quaesivi,
856 1804 952 1865 quem
977 1784 1019 1848 ad
1041 1783 1159 1848 modum

162 1871 386 1955 revertissent3
414 1871 547 1956 negavit
577 1871 681 1936 adhuc
707 1870 888 1936 revertisse.
933 1871 1033 1936 Risus
1058 1869 1158 1956 populi

110 1969 144 2019 28
163 1963 260 2043 atque
283 1959 455 2024 admiratio
478 1959 623 2024 omniurn
645 1963 790 2024 vestrum
811 1958 899 2024 faeta
922 1964 982 2024 est
1025 1960 1085 2026 Hic
1104 1957 1189 2023 tibin

162 2047 197 2110 in
216 2050 358 2110 mentem
380 2067 447 2110 non
469 2045 558 2111 venit
580 2047 701 2131 iubere,
721 2050 760 2111 ut
780 2047 861 2112 haee
884 2069 1013 2132 quoqne
1036 2047 1158 2113 referret

162 2131 217 2196 Hs
235 2135 296 2197 Vn)
318 2153 352 2196 se
374 2133 436 2196 tibi
457 2133 661 2199 vendidisse?
702 2134 862 2219 Metuisti,
884 2139 925 2200 he
949 2157 1005 2202 aes
1029 2137 1157 2202 alienum

161 2219 223 2284 tibi
246 2223 415 2303 cresceret,
440 2220 469 2283 si
491 2219 548 2285 HS
570 2223 633 2286 vin
656 2223 720 2288 tibi
742 2227 930 2288 constarent
952 2247 1005 2307 ea,
1029 2247 1106 2310 quae
1125 2228 1155 2286 tu

160 2307 255 2373 facile
273 2329 386 2392 posses
404 2308 541 2372 vendere
555 2307 611 2374 HS
630 2310 776 2377 ducentis
794 2312 950 2377 milibus?
981 2312 1058 2378 Fuit
1075 2311 1155 2392 tanti,
1192 2343 1193 2421 p

161 2392 243 2462 mni
261 2397 367 2482 crede,
384 2396 531 2480 haberes,
550 2398 635 2483 quod
654 2398 855 2484 defenderem
876 2421 972 2466 nemo
991 2403 1183 2486 quaerente

162 2485 275 2570 quanti
292 2486 352 2551 illa
370 2507 421 2550 res
441 2489 540 2569 esset3
563 2487 591 2551 si
609 2487 706 2554 modo
724 2491 757 2553 te
777 2510 891 2572 posses
914 2488 1020 2555 dicere
1044 2489 1153 2566 emisse,

160 2573 268 2658 facile,
297 2574 348 2639 cui
375 2575 490 2657 velles,
518 2578 610 2640 tuam
632 2597 763 2641 causam
791 2580 825 2642 et
849 2577 974 2642 factum
998 2579 1151 2662 probares,
1191 2603 1192 2665 p

159 2683 245 2728 nunc
267 2662 316 2814 db
328 2662 592 2747 peripetasmatis
615 2685 710 2748 quem
733 2664 774 2729 ad
797 2664 928 2730 modum
950 2669 985 2731 tc
1007 2665 1151 2752 expedia

161 2771 228 2815 non
249 2751 293 2815 ha
317 2771 361 2816 es.

108 2839 142 2889 29
228 2837 332 2916 Quid?
356 2861 375 2904 a
396 2839 580 2924 Phylarcho
604 2838 828 2925 Centuripino,
850 2840 982 2906 homine
1005 2841 1191 2927 locupletent

161 2948 198 2992 ac
228 2928 345 3012 nobili,
381 2929 533 3013 phaleras
564 2929 780 3014 pulcherrime
810 2929 931 3014 factas,
964 2951 1048 3014 quae
1078 2928 1149 3014 regis

159 3013 312 3081 Hieronis
334 3016 435 3082 fuisse
458 3017 621 3099 dicuntur,
646 3022 757 3083 utrum
779 3018 912 3082 tandem
934 3019 1098 3084 abstulisti
1117 3037 1149 3080 au

160 3103 290 3168 emisti?
331 3105 370 3170 ln
392 3104 504 3172 Sicilia
527 3105 655 3190 quidem
678 3127 752 3171 com
775 3127 888 3191 essem,
911 3107 958 3172 sic
980 3129 1001 3172 a
1018 3103 1148 3172 Centuri-
1189 3091 1190 3153 l

158 3188 257 3273 pinis,
287 3191 334 3256 sic
361 3216 381 3257 a
408 3194 523 3258 ceteris
552 3193 722 3259 audiebam
749 3191 830 3280 (non
857 3194 944 3261 enim
970 3217 1084 3281 parum
1108 3211 1147 3256 res

158 3280 229 3337 erat
250 3278 364 3362 clara);
386 3284 456 3345 tam
474 3285 508 3346 te
530 3282 590 3347 has
612 3281 764 3367 phaleras
785 3305 805 3348 a
823 3281 1007 3367 Phylarcho
1021 3279 1175 3350 centuri·³⁵

157 3359 234 3457 pino
258 3362 433 3431 abstulisse
456 3369 618 3453 dicebant,
644 3391 742 3454 quam
765 3371 846 3435 alias
870 3372 950 3436 item
972 3372 1095 3438 nobiles
1114 3367 1146 3432 ab
1188 3335 1189 3397 l

157 3443 270 3508 Aristo
293 3445 563 3540 Panhormitano,
591 3460 688 3540 quam
715 3458 830 3523 tertias
859 3457 1058 3545 aOratippo
1079 3457 1146 3542 Tyn-
