2470 3936
306 163 416 220 ΜΒΝ
443 163 520 222 cAP.
540 171 645 222 ἰο-ιι
663 173 679 233 s
699 173 847 222 rra-184.
1017 168 1082 232 497

72 307 267 392 subeuntum
290 307 393 393 labor,
417 309 626 394 suscipiatur3
650 311 770 378 etenim
788 311 908 377 tacitae
926 311 1032 398 magis
1051 316 1086 377 et

71 396 220 461 occultae
235 395 427 462 inimicitiae
441 397 605 462 timendae
619 402 695 462 sunt
710 421 808 483 quam
826 399 967 465 indictae
986 404 1083 484 atque

69 482 670 639 rttttslltltmntllllttt
683 486 1086 641 ttcllttttttr

376 621 384 658 ’
1089 619 1096 640 Ι

39 658 205 724 sillorum
239 659 369 726 allicere
401 682 589 746 possumus3
626 663 720 746 quasi
750 667 870 730 natura
901 668 935 728 et
966 685 1085 749 genere

70 747 209 812 diiuncti
228 747 303 832 sint,
325 748 374 813 ita
392 749 550 815 dissident
569 771 589 814 a
606 751 701 815 nobis
721 752 829 817 animo
849 773 886 817 ac
904 752 1083 817 voluntate.

70 833 179 910 Quare
198 835 276 919 quid
293 835 419 902 habent
437 858 550 903 eorum
567 837 758 904 inimicitiae
776 840 922 925 periculi,
946 862 1083 925 quorum

70 923 199 988 animos
222 923 289 988 iam
312 928 388 990 ante
410 925 565 990 habueris
587 925 738 992 inimicos
761 933 795 992 et
817 928 959 1012 invidos,
985 951 1084 1013 quam

68 1010 158 1076 ullas
189 1011 379 1078 inimicitias
411 1013 614 1098 susceperis?
661 1011 768 1090 Quam
798 1015 841 1080 ob
873 1038 942 1081 rem
974 1017 1063 1100 mihi,
1083 1028 1135 1078 183

25 1125 54 1164 ιο
69 1098 202 1184 iudices,
225 1103 376 1184 optatum
394 1100 477 1166 illud
495 1104 555 1184 est,
577 1101 613 1165 in
629 1101 693 1166 hoc
711 1125 767 1167 reo
789 1103 888 1169 finem
911 1104 1083 1170 accusandi

68 1187 192 1272 facere,
225 1209 298 1253 cum
326 1191 360 1252 et
385 1189 508 1274 populo
535 1189 684 1255 Romano
712 1190 795 1256 satis
821 1190 945 1258 factum
972 1196 1006 1256 et
1032 1213 1085 1256 re-

69 1279 202 1360 ceptum
230 1275 373 1342 officium
395 1275 527 1362 Siculis,
553 1278 744 1344 necessariis
766 1280 861 1364 meis,
889 1280 952 1344 erit
973 1301 1083 1365 perso·

68 1364 192 1449 lutum,
211 1363 426 1430 deliberatum
441 1369 550 1430 autem
567 1369 626 1450 est,
645 1366 674 1430 si
691 1388 743 1432 res
762 1367 948 1452 opinionem
967 1389 1083 1452 meam,

70 1473 171 1536 quam
199 1451 238 1516 de
264 1452 359 1517 vobis
381 1453 503 1538 habeo,
529 1452 698 1539 fefellerit,
724 1476 791 1520 non
813 1454 909 1521 modo
934 1477 989 1521 eos
1011 1477 1082 1540 per·

26 1564 54 1605 15
70 1538 172 1624 sequi,
191 1540 233 1604 ad
247 1561 329 1624 quos
343 1541 483 1606 maxime
497 1541 593 1625 culpa
606 1543 751 1627 corrupti
767 1542 887 1627 iudicii,
906 1543 963 1608 sed
981 1545 1082 1610 etiam

68 1627 158 1712 illos,
172 1627 213 1694 ad
227 1649 308 1713 quos
321 1629 537 1694 conscientiae
551 1631 704 1716 contagio
718 1631 905 1714 pertinebit.
932 1630 1081 1716 Proinde,

70 1715 178 1800 siqui
201 1718 287 1799 sunt,
309 1716 366 1800 qui
388 1717 424 1781 in
444 1717 508 1782 hoc
530 1737 586 1781 reo
610 1721 667 1782 aut
689 1721 840 1802 potentes
864 1721 921 1783 aut
944 1719 1083 1784 audaces.

70 1806 131 1869 aut
158 1803 298 1870 artifices
327 1803 368 1869 ad
394 1803 666 1890 corrumpendum
692 1805 847 1872 iudicium
873 1805 976 1871 velint
1002 1828 1082 1892 esse,

69 1891 121 1956 ita
139 1891 205 1956 sint
223 1892 341 1977 parati,
363 1895 401 1958 ut
420 1892 622 1977 disceptante
640 1894 762 1978 populo
781 1892 931 1959 Romano
954 1915 1081 1960 mecum

28 1978 137 2046 nasibi
154 2001 224 2044 rem
241 1979 374 2045 videant
390 1979 549 2064 futuram3
572 1984 615 2064 et,
638 1981 667 2045 si
685 2003 738 2046 me
754 1980 789 2045 in
810 1981 874 2046 hoc
894 2003 961 2066 reo,
984 2003 1081 2066 quem

70 2067 154 2132 milri
188 2067 355 2134 inimicum
387 2067 488 2134 Siculi
524 2068 693 2153 dederunt,
730 2069 812 2134 satis
849 2069 1081 2155 vehementem,

70 2154 153 2220 satis
176 2160 452 2241 perseverantem,
475 2156 557 2222 satis
579 2157 772 2243 vigilantem
796 2178 867 2223 esse
890 2161 1081 2244 cognorunt,

71 2243 259 2309 existiment
284 2244 320 2308 in
345 2244 387 2308 iis
414 2244 615 2329 hominibus,
644 2267 782 2329 quorum
807 2266 868 2332 ego
891 2245 1080 2312 inimicitias

52 2330 186 2416 populi
203 2331 344 2396 Romani
363 2332 479 2396 salutis
501 2353 598 2397 causa
620 2353 801 2418 suscepero,
824 2333 929 2399 multo
953 2335 1080 2420 gravio

29 2444 56 2486 aa
71 2440 142 2484 rem
164 2422 262 2504 atque
286 2418 444 2484 acriorem
465 2418 621 2484 futurum.

138 2505 233 2572 Nunc
264 2509 311 2592 te,
337 2507 485 2592 Iuppiter
515 2507 639 2592 optime
671 2507 824 2592 maxime,
856 2508 971 2592 quoius
998 2480 1133 2607 iste1732,

72 2595 193 2660 donum
205 2594 318 2682 regale
332 2594 466 2681 dignum
480 2598 537 2660 tuo
555 2594 775 2680 pulcherrimo
793 2596 927 2681 templo,
944 2596 1079 2683 dignum

72 2681 237 2766 Capitolio
262 2686 369 2768 atque·
382 2683 449 2752 ista
471 2703 544 2747 arce
567 2682 712 2748 omnium
733 2683 916 2768 nationum,
944 2684 1080 2770 dignum

70 2770 164 2856 regio
192 2791 337 2856 munere,
365 2771 429 2837 tibi
455 2770 577 2836 factum
605 2770 647 2836 ab
674 2770 820 2856 regibus,
848 2771 910 2836 tibi
937 2771 1080 2838 dicatum

30 2885 57 2926 ec
72 2862 171 2942 atque
207 2860 403 2944 promissum
438 2880 497 2944 per
527 2858 689 2924 nefarium
721 2859 825 2924 scelus
857 2859 896 2925 de
928 2860 1079 2926 manibus

70 2945 171 3032 regiis
203 2947 354 3032 extorsit,
385 2947 539 3032 cuiusque
569 2946 811 3012 sanctissimum
840 2951 874 3013 et
902 2948 1079 3033 pulcherri-

71 3057 160 3100 mum
175 3034 386 3100 simulacrum
399 3033 567 3120 Syracusis
582 3035 725 3118 sustulit,
738 3039 844 3121 teque,
860 3035 942 3100 Iuno
956 3035 1079 3122 regina,

72 3122 162 3189 cuius
196 3122 259 3188 duo
290 3121 368 3188 fana
400 3124 525 3189 duabus
557 3124 593 3189 in
623 3123 740 3190 insulis
772 3123 881 3208 posita
909 3124 1079 3208 sociorum,

71 3209 204 3276 Melitae
236 3214 270 3276 et
297 3209 401 3295 Sami,
432 3211 639 3278 sanctissima
666 3216 699 3276 ct
726 3211 952 3296 antiquissima
979 3212 1079 3278 simili

31 3325 57 3367 aa
72 3300 193 3364 scelere
224 3299 309 3364 idem
340 3298 404 3364 iste
432 3301 582 3365 omnibus
611 3301 704 3365 donis
732 3300 995 3385 ornamentisque
1021 3321 1079 3366 nu·

72 3387 171 3470 davit,
189 3389 295 3470 teque,
312 3385 468 3472 Minerva,
487 3409 584 3472 quam
597 3389 677 3454 item
692 3387 818 3454 duobus
835 3388 871 3452 in
888 3388 1077 3454 clarissimis

72 3481 106 3540 et
139 3473 396 3560 religiosissimis
435 3476 567 3560 templis
604 3476 774 3562 expilavit,
809 3475 963 3562 Athenis,
1004 3496 1078 3542 cum

124 3587 224 3632 o1c.1r
240 3589 258 3631 1.
831 3585 865 3634 aa
