2422 3952
363 155 440 211 cnP.
455 161 559 212 er-es
577 161 593 222 s
612 163 726 213 ee-rc.
1003 159 1046 224 23

60 301 201 382 nontam,
218 299 312 364 index
324 299 395 384 ipse
409 299 628 366 coercebitur?
648 337 691 348 -
709 299 794 375 Quid
812 301 905 365 tum?
924 311 968 350 -'
986 300 1047 367 ‘Tu
1066 317 1100 365 72

59 387 185 470 aliquem
209 391 384 472 patronum
410 387 569 472 invenies,
595 386 761 453 hominem
788 388 914 472 antiqui
939 389 1047 473 officii,

58 476 103 559 qni
120 473 320 560 splendorem
336 479 487 540 nostrum
505 479 539 540 et
557 476 698 560 gratiam
720 477 890 561 neglegat,
912 498 972 560 pro
994 500 1047 542 me

55 563 202 648 pugnabit
226 562 262 627 L
280 562 466 649 Philippus,
492 564 690 648 eloquentia,
718 565 897 650 gravitate,
924 565 1046 630 honore

36 651 288 716 ellorentissimus
309 651 461 735 civitatis,
484 651 569 717 dicet
591 650 795 736 Hortensius,
817 653 978 718 excellens
1001 653 1048 716 in-

56 739 147 824 genio,
158 739 342 823 nobilitate,
359 740 606 824 existimatione,
625 739 762 806 aderunt
775 743 885 806 autem
897 741 1047 805 homines

54 827 237 892 nobilissimi
259 849 297 892 ac
322 826 555 912 potentissimi,
580 831 619 892 ut
640 849 752 893 eorum
773 827 991 912 frequentium
1014 833 1048 893 et

54 937 227 980 mnsessum
253 937 321 980 non
342 916 438 982 modo
461 914 497 980 P.
515 913 698 999 Quinctius,
725 917 781 1000 qui
804 917 971 1002 decapite
995 917 1047 983 de·

23 1003 223 1156 „enin
236 1003 527 1174 neeesse
541 1003 1048 1176 sicliniensis
1065 1099 1099 1147 η

732 1141 741 1174 5

54 1179 194 1244 Alfenum
226 1179 411 1263 equitabas3
442 1142 585 1244 huic⁷ne
611 1179 669 1244 ubi
695 1179 887 1245 consisteret
917 1180 1047 1264 quidem

54 1271 153 1333 antra
168 1271 204 1332 te
227 1268 337 1333 locum
359 1267 529 1352 reliquisti
570 1265 676 1342 Quare
699 1270 756 1333 aut
779 1268 893 1333 doceas
916 1271 1047 1353 oportet

54 1353 193 1422 Alfenum
215 1377 355 1441 negasse
378 1378 413 1420 se
434 1359 678 1440 procuratorem
701 1376 785 1440 esse,
806 1377 873 1420 non
895 1356 1047 1420 deiecisse

55 1443 178 1526 libellos,
201 1443 358 1508 iudicium
376 1444 519 1528 accipere
537 1443 691 1526 noluisse,
713 1447 779 1527 aut,
801 1466 875 1509 cum
897 1444 976 1509 haec
999 1445 1048 1508 ita

26 1529 127 1596 unca
152 1532 233 1616 sint,
261 1553 301 1596 ex
328 1531 432 1598 edicto
459 1535 493 1596 te
520 1531 607 1596 bona
634 1530 670 1598 P.
686 1530 817 1607 Quincti
843 1553 909 1597 non
935 1553 1047 1617 posse-

55 1617 125 1684 disse
145 1619 314 1685 concedas.

106 1706 236 1772 lltenim
264 1707 293 1772 si
316 1729 356 1771 ex
377 1707 481 1772 edicto
503 1707 692 1791 possedisti,
720 1729 853 1791 quaero,
880 1729 937 1773 cur
958 1709 1046 1772 bona
1055 1705 1100 1770 23

55 1816 108 1859 uon
129 1794 305 1878 venierint,
332 1816 388 1867 our
410 1793 509 1861 ceteri
531 1815 705 1880 sponsores
728 1798 762 1858 et
784 1793 958 1859 creditores
980 1817 1047 1859 non

56 1883 264 1966 convenerint3
282 1904 418 1948 nemone
435 1882 508 1966 fuit,
526 1883 578 1947 cni
601 1881 733 1946 deberet
750 1880 941 1956 Quinctius?
967 1880 1047 1946 Fue·

29 1975 129 2055 urunt,
152 1976 190 2036 eb
210 1970 394 2055 complures
415 1970 560 2054 fuerunt,
586 1973 761 2054 propterea
784 1969 870 2052 quod
892 1967 926 2034 O.
943 1968 1048 2033 frater

56 2059 245 2142 aliquantum
277 2058 361 2124 aeris
394 2058 492 2124 alieni
523 2057 708 2142 reliquerat.
754 2056 838 2132 Quid
867 2077 946 2142 ergo
973 2057 1047 2121 est?

55 2145 195 2212 Homines
215 2151 311 2212 erant
328 2147 370 2211 ab
393 2146 455 2212 hoc
477 2167 589 2211 omnes
612 2145 813 2228 alienissimi,
835 2150 868 2210 et
890 2145 931 2209 iis
955 2145 1047 2211 debe

55 2233 150 2318 batur,
178 2256 286 2318 neque
313 2238 423 2300 tamen
450 2234 622 2318 quisquam
648 2233 799 2298 inventus
827 2237 878 2298 est
904 2237 973 2298 tam
1000 2233 1047 2298 in-

31 2323 354 2493 „lntfflttltz
368 2319 1047 2494 llil¹tlltirltttssss⁵lltlssltss
1066 2420 1101 2471 a

57 2495 112 2564 Seu
124 2499 279 2581 Naevius,
298 2499 363 2582 qui,
380 2498 535 2582 cumipse
549 2497 637 2563 ultro
656 2497 796 2582 deberet,
818 2497 911 2582 quasi
929 2497 1047 2563 eximio

59 2589 187 2670 praemio
211 2586 344 2652 sceleris
367 2585 513 2670 exposito
537 2584 743 2669 cupidissime
766 2586 985 2668 contenderet,
1010 2588 1048 2648 ut

59 2696 102 2758 per
118 2698 151 2741 se
168 2675 330 2740 afflictum
348 2676 445 2757 atque
464 2693 612 2738 eversum
629 2673 846 2758 propinquum
865 2695 960 2738 suum
981 2693 1049 2736 non

59 2764 136 2829 nodo
149 2764 289 2830 honeste
301 2762 406 2846 partis
426 2761 529 2844 bonis,
547 2782 659 2826 verum
678 2761 777 2827 etiam
795 2759 958 2826 communi
975 2759 1047 2842 luce

34 2852 193 2932 eprisaret.
239 2849 306 2916 Ubi
338 2853 431 2915 erant
462 2847 562 2914 ceteri
594 2848 790 2914 creditores?
822 2848 959 2930 denique
985 2845 1048 2910 boo

59 2941 187 3025 tempore
213 2938 272 3003 ubi
299 2938 397 3002 sunt?
433 2935 512 3012 Quis
540 2939 603 3020 est,
652 2936 686 3002 ui
714 2935 927 3001 fraudationis
952 2955 1049 2999 causa

59 3025 176 3093 latuisse
193 3026 293 3108 dicat,
310 3026 393 3109 quis,
416 3025 471 3109 qui
490 3025 657 3090 absentem
676 3024 843 3089 defensum
861 3025 959 3108 neget
978 3043 1048 3087 esse

60 3112 250 3188 Quinctium?
268 3111 374 3178 Nemo
387 3113 560 3178 invenitur.
586 3114 761 3178 utcontra
779 3131 899 3190 omnes,
918 3110 1047 3195 quibus·
1067 3120 1103 3171 75

61 3223 118 3268 oum
141 3202 225 3269 ratio
252 3201 329 3267 huic
356 3205 413 3266 aut
440 3204 491 3266 est
519 3203 576 3265 aut
602 3199 678 3282 fuit,
707 3199 838 3283 adsunt,
866 3198 1049 3282 defendunt,

40 3289 123 3355 aldes
139 3291 237 3356 huius
256 3289 370 3355 multis
389 3289 469 3354 locis
488 3287 620 3374 cognita
638 3308 679 3351 ne
701 3287 837 3371 perfidie
860 3285 932 3352 Sex.
944 3285 1050 3352 Naevi

65 3376 225 3464 derogetur,
243 3377 408 3444 laborant.
443 3375 482 3440 In
500 3376 595 3441 huius
614 3374 703 3440 modi
721 3375 928 3459 sponsionem
946 3377 1048 3437 testes

66 3463 123 3530 lere
139 3467 312 3552 oportebat
330 3487 369 3530 ex
388 3485 425 3530 eo
443 3484 587 3544 numero,
606 3462 662 3546 qui
678 3462 759 3527 haec
777 3460 937 3527 dicerentz'
950 3459 1050 3523 Vadi-
