2422 3952
127 109 191 211 'ee
317 143 389 199 rso
408 143 484 198 sox.
503 142 635 198 Roscio
653 141 822 198 menso
841 141 986 200 oemio.

147 309 169 355 a
198 286 411 374 Chrysogono
437 286 540 353 tantis
567 286 721 371 praemiis
749 285 975 354 donabantur?
1023 290 1053 354 ai
1078 291 1169 356 nihil

149 375 238 443 aliud
264 377 409 443 fecerunt
433 375 498 441 nisi
524 395 594 440 rem
622 373 821 458 detulerunt,
851 397 958 442 nonne
986 378 1070 443 satis
1101 380 1171 445 fuit

148 463 189 530 iis
210 462 333 544 gratias
361 465 429 551 agi,
466 463 616 547 denique,
651 465 691 528 ut
720 462 961 547 perliberaliter
999 472 1170 552 ageretur,

147 553 282 620 honoris
318 552 441 637 aliquid
475 551 613 616 haberi?
669 547 749 616 Gur
770 551 837 616 tria
871 551 1006 637 praedia
1049 558 1170 621 tantae

147 641 302 727 pecuniae
330 640 441 705 statim
468 637 622 724 Capitoni
648 637 790 704 dantur?
821 660 891 723 our,
925 661 1009 724 quae
1035 643 1197 728 reliquas

149 734 234 814 sunt,
255 730 318 793 iste
343 729 378 792 Τ.
400 725 536 793 Roscius
558 726 669 792 omnio
689 747 763 792 oum
781 723 998 814 oerysogono
1021 751 1171 796 eommu-

147 818 233 882 niter
260 815 428 900 possidet?
467 813 584 880 Nonne
613 814 819 900 perspiouum
846 818 910 898 est,
936 817 1074 902 iudices,
1106 820 1169 885 has

96 955 138 1018 38
166 903 336 969 manubias
350 901 477 968 ltosoiis
491 900 741 988 Chrysogonum
753 924 788 967 re
802 903 1168 988 cognitaoonoessisse?

97 1031 147 1081 109
214 991 313 1058 Venit
340 991 376 1056 in
402 991 511 1057 decem
537 990 652 1076 primis
677 991 808 1076 legatos
834 991 870 1056 in
896 995 1006 1065 eastra
1035 993 1170 1080 Capito.

166 1081 284 1146 Totam
303 1080 414 1166 vitam,
436 1083 589 1146 naturam
606 1099 777 1163 moresque
794 1078 935 1147 hominis
959 1103 999 1146 ex
1020 1082 1099 1168 ipsa
1123 1085 1168 1148 le-
1181 1113 1204 1152 io

149 1169 281 1256 gatione
299 1168 493 1254 cognoscite.
534 1167 607 1232 Nisi
623 1166 861 1251 intellexeritis,
878 1167 1010 1252 iudices,
1032 1172 1168 1238 nullum

149 1277 219 1322 esse
238 1255 389 1342 officium,
406 1257 534 1322 nullum
550 1255 602 1320 ius
618 1258 689 1320 tam
708 1259 858 1321 sonetum
873 1259 970 1340 atque
984 1256 1168 1345 integrum,

149 1345 235 1430 quod
251 1367 319 1411 non
337 1344 405 1410 eius
425 1345 529 1410 seelus
548 1347 646 1428 atque
664 1343 800 1428 perfidis
817 1343 950 1409 violarit
964 1347 998 1408 et
1010 1345 1167 1412 imminu-

97 1455 148 1504 110
167 1433 238 1517 erit,
251 1433 357 1499 virum
373 1433 533 1516 optimum
547 1430 894 1496 esseeumiudioatote.
921 1431 1167 1517 impedimento
1207 1507 1208 1520 χ

149 1524 207 1604 est,
229 1542 292 1605 quo
316 1519 422 1584 minus
441 1518 549 1584 dehis
567 1520 664 1584 rebus
687 1517 779 1584 Sulla
797 1519 959 1604 doceatur,
976 1525 1165 1589 ceterorum
1179 1521 1208 1602 rel

148 1610 331 1696 legatorum
346 1606 482 1673 oonsilio
499 1610 533 1672 et
550 1607 753 1673 voluntatem
767 1605 981 1694 Chrysogono
998 1612 1166 1696 enuntiat
1207 1685 1208 1694 ἵ

148 1699 271 1780 monet,
298 1700 336 1762 ut
361 1695 546 1780 provideat,
571 1715 613 1759 ne
638 1695 750 1780 palam
771 1717 823 1760 res
847 1700 978 1782 agatur,
1006 1700 1165 1785 ostendit,
1207 1697 1208 1724 l

149 1785 177 1850 si
213 1783 344 1850 sublata
380 1781 425 1848 sit
458 1782 602 1848 venditio
638 1783 812 1867 bonorum,
851 1783 947 1849 illum
1096 1788 1104 1801 '
1207 1867 1208 1872 ἵ

149 1874 305 1961 grandem
328 1871 532 1956 amissurum,
555 1892 625 1936 sese
646 1871 960 1956 ospitisperioulum
979 1873 1165 1960 aditurum
1207 1875 1208 1906 ;

147 1963 242 2027 illum
265 1983 387 2044 acuere,
404 1960 475 2039 hos,
493 1959 550 2044 qui
573 1959 670 2024 simol
693 1962 786 2024 orant
802 1959 903 2043 missi,
921 1960 1046 2045 fallere,
1063 1961 1164 2030 illum
1177 1987 1208 2050 aj

148 2049 323 2116 identidem
332 2051 663 2132 monerautoaveret,
678 2046 1165 2134 hisoeinsidiosespemfalsam
1207 2055 1208 2084 ³

150 2135 331 2218 ostendere,
359 2157 430 2200 oum
452 2135 512 2200 illo
535 2138 650 2199 eontra
671 2135 732 2200 hos
754 2134 837 2200 inire
863 2136 1013 2220 consilia,
1040 2139 1163 2206 horum
1207 2135 1208 2172 ³

149 2223 284 2290 oonsilio
301 2222 352 2286 illi
371 2222 547 2301 enuntiare,
566 2244 639 2288 oum
655 2222 715 2288 illo
733 2226 861 2308 partem
880 2245 972 2290 snam
990 2225 1163 2311 depecisci,
1207 2237 1208 2260 ³

148 2312 236 2376 hisee
251 2310 361 2394 aliqua
372 2310 450 2375 fieta
462 2332 555 2376 mora
573 2332 700 2396 semper
718 2333 830 2376 omnes
849 2311 956 2377 aditus
975 2313 1017 2378 ad
1031 2311 1162 2382 Sullam
1207 2315 1208 2352 ³

148 2398 370 2464 intercludere.
414 2397 585 2464 Postremo
607 2399 673 2464 isto
695 2397 873 2483 hortatore,
895 2405 1035 2485 auctore,
1056 2402 1161 2469 intor-
1176 2405 1208 2470 2⁶³

117 2525 119 2532 ν
149 2507 275 2553 cessere
302 2487 344 2552 ad
366 2485 491 2552 Sullam
514 2487 616 2575 legati
638 2508 703 2552 non
726 2487 888 2570 sdiemnt3
915 2488 1011 2553 istius
1032 2489 1095 2554 fide
1121 2513 1162 2556 ao
1207 2491 1208 2528 ³

148 2574 257 2662 potius
284 2575 419 2659 perfidia
446 2575 585 2660 decepti,
615 2574 650 2638 id
676 2575 763 2659 quod
789 2597 829 2640 ex
852 2575 934 2660 ipsis
963 2599 1162 2664 eognosoere

148 2663 307 2750 poteritis,
331 2662 359 2727 si
382 2667 550 2729 aecusator
571 2663 713 2750 voluerit
730 2663 953 2728 testimonium
972 2665 1019 2730 eis
1037 2665 1160 2731 denun-

148 2751 245 2836 tiare,
272 2773 333 2836 pro
360 2773 396 2816 re
423 2754 513 2816 certa
541 2771 633 2835 spem
654 2749 774 2816 falsam
797 2751 928 2816 domum
950 2754 1162 2820 rettulerunt.

99 2839 205 2910 111In
231 2839 369 2925 privatis
395 2840 492 2904 rebus
520 2838 549 2903 si
575 2839 629 2923 qui
658 2861 727 2904 rem
754 2839 942 2906 mandatam
967 2863 1035 2907 non
1060 2843 1161 2908 modo
1174 2845 1208 2910 ³0³

149 2927 344 2994 malitiosius
368 2927 524 3014 gessisset
545 2926 596 2990 sui
619 2930 771 3011 quaestus
794 2930 852 2991 ant
873 2929 1035 2995 commodi
1051 2951 1161 3014 oense,
1207 2935 1208 2970 l

149 3037 261 3082 verum
285 3017 384 3082 etiam
405 3015 641 3102 neglegentius,
664 3037 737 3080 eum
759 3015 898 3080 maiores
921 3038 1085 3093 summum
1102 3019 1160 3085 sd·
1207 3033 1208 3061 ³

149 3103 278 3168 misisse
304 3104 439 3170 dedeous
466 3103 706 3169 existimabant.
755 3101 872 3188 Itaque
903 3105 1050 3170 mandati
1081 3128 1159 3173 oon·
1207 3117 1208 3154 l

150 3191 302 3256 stitutum
329 3195 380 3256 est
405 3191 559 3264 iudioinm
584 3213 651 3256 non
677 3190 784 3256 minus
809 3195 907 3277 turpe
939 3215 1037 3276 quam
1066 3193 1158 3279 furti,
1207 3215 1208 3236 ³

151 3277 266 3362 oredo‚'
281 3281 454 3362 propterea
477 3279 576 3364 quod,
599 3279 715 3363 quibus
737 3279 774 3344 in
794 3279 891 3346 rebus
913 3279 978 3365 ipsi
999 3281 1157 3348 interesse
1170 3309 1193 3350 ss

149 3387 216 3431 non
237 3385 421 3449 possumus,
442 3367 478 3431 in
498 3367 674 3456 iisfoperae
691 3370 824 3433 nostrae
842 3367 963 3434 vioaria
979 3369 1060 3436 fides
1079 3371 1157 3436 ami-
1207 3395 1208 3404 ¹

151 3473 262 3519 eorum
281 3453 486 3538 supponitur;
509 3475 606 3538 qoam
625 3455 681 3538 qui
698 3455 807 3540 laedit,
826 3461 994 3542 oppugnat
1011 3459 1157 3524 omnium
