2386 3938
343 193 421 248 cnr.
441 199 543 249 15-1'1
562 197 578 258 s
595 197 709 248 ee-ue.
962 193 1025 257 115
1042 203 1044 208 ’

54 337 92 401 eui
110 338 288 422 consuleret,
309 337 418 404 fnisse.
461 335 525 402 Sed
546 336 646 402 ceteri
668 333 768 401 Siculi
790 336 930 401 ultorem
953 358 1023 402 sua·
1043 349 1079 398 53

53 447 107 489 mm
121 425 303 492 iniuriarum
322 427 523 509 invenerunt,
545 429 591 508 tu,
615 424 690 489 dum
713 427 787 488 tuas
810 423 945 488 iniurias
968 447 1026 510 per
1144 423 1152 434 '

53 517 86 592 te,
107 512 136 576 id
155 515 235 598 quod
258 536 325 580 non
346 519 453 598 potes,
480 513 630 596 persequi
652 513 793 595 coneris,
820 510 854 575 id
877 511 962 597 agir,
989 517 1026 578 ut

53 604 202 668 ceterorum
234 624 360 687 quoque
391 601 528 666 iniuriae
558 601 625 665 sint
650 600 829 685 impunitae
856 603 954 684 atque
980 601 1026 665 in-

36 689 130 771 tultae3
146 694 177 754 et
189 691 250 756 hoc
264 694 297 755 te
311 688 478 774 praeterit,
495 710 561 754 non
578 688 612 753 id
631 689 736 753 solnm
755 688 894 772 spectari
913 688 1026 772 solere,

53 776 92 859 qui
107 776 222 862 debeat,
245 779 302 843 sed
320 777 419 842 etiam
438 777 530 860 illud,
554 777 609 862 qni
630 777 736 860 possit
757 776 883 862 ulcisci3
905 777 940 840 in
963 797 1027 862 quo

53 867 195 949 utrumque
221 867 281 950 sit,
308 887 381 931 eum
404 865 602 948 superiorem
625 886 708 948 esse,
734 864 855 949 inquo
879 865 1027 948 alterum,

53 951 128 1036 irco,
147 975 210 1019 non
228 954 308 1039 quid
325 954 354 1018 is
372 952 462 1036 velit,
485 953 541 1017 sed
559 953 636 1037 quid
653 953 759 1018 facere
779 953 892 1038 possit,
916 953 1026 1038 quaeri

53 1040 139 1105 solere.
172 1040 295 1117 Quodsi
312 1042 342 1106 ei
359 1041 565 1125 potissimum
584 1062 694 1107 censes
713 1041 858 1124 permitti
878 1045 1026 1124 operiere
1045 1053 1082 1102 54

29 1128 193 1194 accusandi
206 1133 415 1214 potestatem,
432 1129 484 1195 oui
503 1129 678 1194 maximam
694 1126 728 1194 Ο.
739 1126 857 1193 Verres
875 1129 1027 1194 iniuriam
1135 1166 1138 1171 -

53 1213 147 1301 lecerit,
167 1221 280 1283 utrum
297 1217 429 1284 tandem
448 1239 557 1282 censes
575 1217 636 1281 hos
654 1216 775 1282 iudices
794 1217 925 1302 gravius
942 1217 1027 1282 ferre

54 1308 185 1391 oportere,
211 1311 246 1371 te
278 1308 319 1372 ab
346 1306 404 1370 illo
433 1327 502 1371 esse
529 1306 668 1389 laesum,
696 1325 738 1370 an
760 1305 958 1388 provinciam
982 1305 1027 1371 Si-

54 1390 134 1457 ciliam
159 1415 228 1459 esse
251 1398 403 1460 vexatam
426 1415 463 1459 ae
485 1392 668 1477 perditam?
709 1391 846 1478 opinor,
874 1394 1026 1459 concedes

54 1480 130 1545 nulto
153 1482 213 1548 hoe
242 1485 278 1547 et
304 1503 373 1546 esse
401 1481 533 1568 gravius
561 1485 594 1545 et
617 1481 658 1546 ab
681 1481 832 1547 omnibus
854 1481 933 1546 ferri
957 1503 1026 1568 gra-

32 1566 105 1632 suus
120 1574 275 1654 oportere.
312 1569 457 1636 Concede
478 1568 590 1654 igitur,
612 1573 650 1634 ut
671 1569 734 1634 tibi
757 1574 972 1654 anteponatur
994 1571 1028 1635 in

21 1721 22 1728 χ
57 1658 201 1724 causando
224 1657 406 1743 provincia3
431 1678 509 1722 nam
536 1657 702 1741 provincia
729 1663 872 1742 accusat,
899 1681 971 1724 cum
998 1659 1027 1723 is

57 1743 104 1827 agit
119 1767 253 1830 causam,
273 1767 365 1830 quem
386 1745 450 1810 sibi
466 1744 525 1810 illa
544 1744 744 1810 defensorem
764 1747 814 1810 sui
831 1747 921 1830 iuris,
943 1747 1027 1811 ulto·

56 1850 103 1894 ren
120 1833 321 1918 iniuriarum,
344 1838 486 1899 actorem
510 1855 624 1899 causae
647 1833 749 1897 totius
773 1833 950 1917 adoptavit.

101 1919 139 1984 st
163 1945 234 1987 eam
263 1922 325 1986 tibi
348 1920 381 1986 Ο.
399 1920 519 1986 Verres
544 1921 622 1986 fecit
648 1920 814 2004 iniuriam,
842 1942 923 2004 quae
947 1925 1027 1986 cete-

33 2015 136 2074 ”rorum
162 2031 290 2095 quoque
314 2009 438 2076 animos
461 2009 567 2094 possit
590 2009 696 2074 alieno
718 2008 921 2074 incommodo
944 2030 1027 2073 com·

56 2113 162 2162 novere.
209 2098 359 2180 Minime3
386 2119 463 2163 nam
489 2097 524 2161 id
550 2119 676 2182 quoque
703 2096 744 2161 ad
770 2117 840 2161 rem
866 2097 1028 2180 pertinere

57 2181 174 2269 arbitror,
196 2184 305 2270 qualis
327 2185 446 2250 iniuria
465 2185 599 2270 dicatur,
623 2206 704 2270 qnae
727 2206 824 2250 eausa
845 2185 1028 2250 inimicitia-

18 2300 20 2304 *
56 2289 106 2333 run
130 2273 321 2358 proferatur.
371 2272 566 2359 Cognoscite
597 2295 635 2337 ex
664 2294 730 2356 rne3
760 2293 836 2338 nam
865 2273 927 2338 iste
956 2296 1028 2338 eam

56 2357 182 2446 prolecto,
213 2362 279 2426 nisi
305 2361 402 2446 plene
429 2360 512 2425 nihil
540 2361 641 2446 sapit,
672 2359 849 2444 numquam
876 2362 1028 2446 proferet.

34 2443 152 2542 algoris
170 2449 328 2535 quaedam
351 2453 401 2514 est
417 2447 641 2534 Lilybaetana,
662 2449 782 2514 liberta
795 2447 930 2514 Veneris
948 2449 1029 2535 Ery·

57 2551 132 2620 unae,
164 2560 246 2622 quae
283 2537 398 2602 mulier
436 2541 513 2601 ante
545 2537 631 2602 hunc
663 2540 866 2622 quaestorem
897 2539 1030 2622 copiosa

58 2618 125 2699 plane
156 2629 187 2690 ot
218 2624 363 2710 locuples
393 2623 466 2691 fuit.
515 2624 568 2689 Ab
600 2624 661 2689 hac
691 2623 874 2708 praefectus
904 2624 1030 2690 Antoni

58 2709 157 2788 quidam
179 2713 429 2799 symphoniacos
452 2733 563 2778 servos
587 2712 767 2778 abducebat
788 2734 845 2795 per
867 2712 1029 2796 iniuriam,

58 2797 145 2875 quibus
171 2823 204 2867 se
231 2803 267 2866 in
294 2803 397 2867 classo
423 2801 474 2866 uti
498 2802 582 2865 velle
606 2801 741 2866 dicebat.
788 2799 871 2864 Tum
892 2801 965 2884 illa,
991 2805 1029 2864 ut

21 2889 107 2948 *lnce
124 2888 156 2952 in
173 2889 283 2956 Sicilia
306 2892 357 2954 est
379 2889 524 2954 omnium
537 2887 751 2954 Veneriorum
774 2891 807 2952 et
830 2909 950 2965 eorum,
974 2888 1030 2972 qui

59 2970 188 3042 aVonere
211 3000 245 3043 se
268 2977 497 3061 liberaverunt,
519 2980 557 3041 nt
578 2976 742 3061 praefecto
764 2975 816 3040 illi
838 2975 898 3039 reli
925 2975 1029 3042 'onem

59 3051 164 3128 Veneris
189 3066 318 3132 nomine
347 3066 500 3150 obiceret,
529 3064 610 3129 dixit
637 3068 670 3129 et
698 3085 733 3129 se
756 3068 788 3128 ot
812 3085 869 3128 sua
924 3065 1029 3131 enoris

61 3163 115 3213 nse.
148 3150 211 3218 Ubi
229 3154 290 3219 hoe
313 3154 477 3238 quaestori
501 3151 653 3236 Caecilio,
676 3152 745 3217 viro
769 3152 894 3237 optimo
918 3156 951 3218 et
972 3154 1028 3218 ho·
1048 3163 1082 3212 oe

61 3234 115 3328 {nini
127 3243 325 3326 aequissimo,
341 3241 529 3307 nuntiatum
543 3245 601 3326 est,
620 3240 729 3306 vocari
743 3239 783 3303 ad
801 3261 835 3304 se
845 3239 1028 3326 Agonidem

43 3320 136 3409 ‘uben
153 3329 304 3395 iudicium
322 3329 379 3394 dat
397 3329 523 3394 statim:
548 3327 584 3394 Sr
603 3345 716 3392 runnu
737 3345 810 3391 nan
834 3345 873 3393 sn
896 3347 940 3393 nr
964 3346 1030 3394 sur

62 3403 182 3482 lttnms
213 3435 295 3484 nssn
330 3434 476 3484 nmssn.
529 3415 679 3482 Indicant
714 3420 955 3500 recuperatores
987 3416 1029 3499 id,

21 3519 22 3522 ’
64 3501 259 3576 llodnecesse
282 3511 366 3591 erat3
387 3527 492 3590 neque
515 3505 600 3570 enim
624 3507 694 3568 erat
716 3503 865 3586 cuiquam
889 3503 1029 3579 dubium,

784 3605 821 3657 Β*

1039 1892 1082 2018 c
