2470 3936
160 136 226 200 442
459 134 500 188 lli
518 132 716 190 creaasti
734 133 816 190 ACT.
833 133 868 190 Il.

161 278 339 364 provincia,
366 281 404 344 ut
432 279 576 344 omnium
603 279 715 344 oculos
741 278 778 342 in
803 297 856 341 me
883 298 983 342 unum
1005 276 1161 342 coniectos

161 389 231 434 esse
250 366 436 450 arbitrarer,
459 370 496 433 ut
518 388 570 432 me
594 370 867 451 quaesturamque
890 385 996 430 meam
1018 365 1110 448 qnasi
1131 365 1164 428 in

163 456 272 541 aliquo
291 459 453 522 terrarum
471 455 559 520 orbis
578 454 709 520 theatro
733 452 858 518 versari
879 453 1108 537 existimarem,
1129 456 1165 518 ut

163 565 290 630 semper
320 543 440 628 omnia,
473 565 555 627 quae
581 543 721 608 iucunda
748 541 898 606 videntur
926 563 1010 624 esse,
1039 563 1079 608 ea
1103 563 1166 606 non

162 633 258 701 modo
276 631 329 697 his
352 631 615 696 extraordinariis
639 629 881 715 cupiditatibus,
905 629 962 694 sed
983 629 1084 694 etiam
1105 629 1188 714 ipsi⁵

111 725 299 790 assaturae
331 741 368 785 ac
398 719 586 786 necessitati
616 719 818 805 denegarem.
867 716 964 784 Nunc
989 740 1061 788 snm
1091 718 1167 784 desi-

163 813 281 896 gnatus
297 807 423 891 aedilis3
441 807 547 874 habco
560 801 731 891 rationem,
751 805 828 890 quid
847 828 867 872 a
884 807 1007 891 populo
1021 806 1166 872 Romano

163 896 355 982 acceperim3
377 895 458 962 mihi
476 896 569 962 ludos
590 895 814 961 sanctissimos
831 895 976 960 maxima
997 917 1073 960 curn
1095 917 1167 960 cura

164 989 197 1050 et
228 985 424 1050 caerimonia
456 982 578 1068 Cereri,
612 983 730 1049 Libero
761 982 962 1067 Liberaeque
992 982 1167 1066 faciundos,

163 1073 246 1141 mibi
272 1072 404 1139 Floram
433 1076 572 1138 matrem
599 1072 721 1157 populo
748 1071 900 1155 plebique
927 1070 1096 1138 Romanae
1121 1071 1200 1135 ln-10

165 1162 280 1228 dorum
294 1161 481 1227 celebritate
495 1159 697 1246 placandam,
710 1159 793 1225 mihi
805 1159 901 1224 ludos
916 1159 1167 1244 antiquissimos,

165 1251 221 1335 qui
234 1250 331 1334 primi
343 1249 483 1315 Romani
496 1249 654 1334 appellati
668 1251 753 1333 sunt,
766 1269 840 1312 cum
855 1247 1018 1333 dignitate
1031 1248 1169 1314 maxima

165 1343 198 1404 et
221 1339 379 1425 religione
401 1336 484 1422 Iovi,
511 1336 628 1402 Iunoni
650 1336 878 1420 Minervaeque
901 1357 972 1402 esse
994 1335 1168 1420 faciundos,

164 1427 246 1492 mihi
283 1441 447 1491 sacrarum
481 1425 609 1490 aedium
640 1425 915 1509 procurationem,
951 1425 1036 1490 mihi
1067 1429 1168 1490 totam

164 1515 278 1580 urbem
309 1513 463 1578 tuendam
495 1535 565 1578 esse
597 1513 817 1595 commissam
850 1513 893 1577 ob
923 1533 1038 1580 aarum
1063 1535 1167 1578 rerum
1180 1528 1201 1568 1⁵

164 1602 311 1666 laborem
343 1605 376 1665 et
408 1601 661 1666 sollicitudinem
688 1600 813 1666 fructus
843 1601 920 1666 illos
949 1601 1059 1686 datos,
1090 1602 1167 1667 anti·

164 1691 311 1776 quiorem
335 1689 371 1754 in
392 1693 508 1755 senatu
531 1690 710 1756 sententiae
733 1689 886 1756 dicendae
908 1690 1031 1772 locum,
1058 1694 1167 1776 togam

164 1783 381 1865 praetextam,
408 1778 524 1844 sellam
553 1779 710 1862 curulem,
735 1777 787 1844 ius
809 1777 964 1863 imaginis
986 1779 1029 1844 ad
1051 1801 1168 1844 memo

112 1880 145 1930 ar
164 1869 248 1934 riam
266 1867 556 1952 posteritatemque
574 1866 765 1949 prodendae.
800 1865 851 1930 Ex
868 1865 921 1930 hi·
940 1887 1002 1952 ego
1022 1867 1166 1932 omnibns

164 1957 276 2039 rebus,
301 1956 435 2038 iudices,
461 1955 510 2021 ita
537 1954 618 2020 mihi
644 1955 750 2020 omnis
779 1954 856 2020 deos
880 1955 1043 2038 propitios
1065 1955 1201 2038 velim,⁸⁰

164 2048 210 2128 ut,
229 2044 362 2109 tametsi
375 2043 457 2108 mihi
469 2042 718 2108 iucundissimus
732 2045 783 2108 est
796 2043 901 2108 honos
919 2043 1044 2127 populi,
1061 2047 1166 2110 tamen

163 2153 368 2214 nequaquam
387 2131 479 2214 capio
498 2134 627 2196 tantum
646 2129 834 2214 voluptatis,
853 2134 1013 2215 quantum
1032 2135 1066 2196 et
1084 2133 1166 2198 solli·

153 2217 316 2283 ¹citudinis
339 2221 372 2281 et
395 2218 533 2301 laboris,
561 2222 597 2282 ut
619 2218 700 2285 haec
722 2219 795 2303 ipsa
817 2218 983 2302 aedilitas,
1007 2241 1074 2285 non
1095 2221 1166 2305 quia

163 2327 294 2370 necesse
325 2305 437 2389 fuerit,
469 2305 566 2371 alicui
598 2307 769 2391 candidato
797 2306 887 2391 data,
919 2307 989 2391 sed,
1021 2309 1098 2392 quia
1124 2308 1166 2374 sio

164 2393 358 2480 oportuerit,
385 2397 472 2460 recte
499 2395 669 2461 conlocata
695 2398 729 2460 et
754 2394 873 2461 iudicio
900 2395 1016 2480 populi
1042 2397 1077 2462 in
1098 2397 1199 2464 loeoa

113 2483 366 2636 15esseTposita
388 2482 544 2548 videatur.
604 2574 641 2636 fio
786 2571 849 2635 Η
1108 2572 1145 2640 Od

111 2619 145 2668 ³⁸
165 2595 280 2745 aad
305 2593 389 2724 dt
413 2592 658 2744 {stota}
683 2592 1164 2746 stttstlztttltfsl

164 2769 236 2814 cum
269 2769 357 2814 esses
386 2748 604 2829 renuntiatus,
635 2750 673 2811 ut
700 2747 779 2830 dixi,
809 2768 876 2813 non
902 2747 974 2831 ipsa
1001 2749 1163 2832 praeconis

163 2858 241 2902 voce
269 2835 427 2902 excitatus
452 2857 499 2920 es,
529 2835 584 2919 qni
606 2838 640 2900 te
662 2835 783 2900 totiens
807 2836 973 2900 seniorum
995 2837 1196 2902 iuniorum-³⁰

164 2945 226 3008 que
254 2924 408 2990 centuriis
436 2923 495 2988 illo
520 2923 644 2988 honore
666 2921 760 2988 adfici
782 2924 1022 3008 pronuntiarit,
1049 2929 1086 2990 nt
1107 2927 1163 2992 hoc

162 3016 309 3097 putares,
338 3012 482 3096 aliquam
509 3011 557 3076 rei
582 3011 732 3096 publicae
759 3014 888 3096 partem
915 3011 978 3077 tibi
1005 3013 1163 3097 creditam,

164 3121 284 3164 annum
311 3100 374 3164 tibi
400 3100 495 3165 illum
522 3120 621 3164 unum
649 3099 745 3165 domo
773 3100 947 3166 carendum
975 3122 1047 3166 esse
1069 3124 1163 3166 mere

162 3185 276 3252 tricis?
313 3210 386 3255 cum
421 3187 483 3251 tibi
520 3190 607 3252 sorte
644 3187 831 3273 obtigisset,
867 3188 917 3254 uti
952 3188 1003 3254 ius
1040 3189 1162 3274 dicerer,

163 3276 321 3353 quantum
348 3275 486 3360 negotii,
514 3273 590 3360 quid
613 3275 719 3340 oneris
742 3275 894 3360 haberes,
920 3299 1097 3362 numquam
1118 3293 1195 3344 oo³⁵

163 3356 300 3438 gitasti?
323 3382 426 3444 neque
439 3362 522 3426 illud
540 3363 676 3428 rationis
694 3362 849 3448 habuisti,
868 3365 897 3428 si
914 3363 1000 3430 forte
1019 3387 1162 3452 experge

161 3443 268 3505 faeere
290 3447 324 3506 te
346 3468 473 3533 posses,
499 3471 571 3516 eam
593 3451 809 3538 provinciam,
832 3473 931 3536 quam
953 3453 1040 3519 tueri
1062 3455 1163 3541 singu-
