<?xml version="1.0" encoding="UTF-8"?>
<!DOCTYPE html PUBLIC "-//W3C//DTD XHTML 1.0 Transitional//EN"
    "http://www.w3.org/TR/xhtml1/DTD/xhtml1-transitional.dtd">
<html xmlns="http://www.w3.org/1999/xhtml" xml:lang="en" lang="en">
 <head>
  <title>
</title>
<meta http-equiv="Content-Type" content="text/html;charset=utf-8" />
  <meta name='ocr-system' content='tesseract 3.04.00' />
  <meta name='ocr-capabilities' content='ocr_page ocr_carea ocr_par ocr_line ocrx_word'/>
</head>
<body>
  <div class='ocr_page' id='page_1' title='image "./mtulliiciceroni02mlgoog/mtulliiciceroni02mlgoog_0496.png"; bbox 0 0 2404 3928; ppageno 0'>
   <div class='ocr_carea' id='block_1_1' title="bbox 269 178 1031 246">
    <p class='ocr_par' dir='ltr' id='par_1_1' title="bbox 269 178 1031 246">
     <span class='ocr_line' id='line_1_1' title="bbox 269 178 1031 246; baseline 0.016 -13"><span class='ocrx_word' id='word_1_1' title='bbox 269 178 336 236; x_wconf 73' lang='grc' dir='ltr'>ΜΒ.</span> <span class='ocrx_word' id='word_1_2' title='bbox 355 179 395 234; x_wconf 82' lang='lat' dir='ltr'>lv</span> <span class='ocrx_word' id='word_1_3' title='bbox 425 179 503 234; x_wconf 72' lang='lat' dir='ltr'>cnr.</span> <span class='ocrx_word' id='word_1_4' title='bbox 523 186 629 236; x_wconf 75' lang='lat' dir='ltr'>sr-rr</span> <span class='ocrx_word' id='word_1_5' title='bbox 646 187 661 246; x_wconf 75' lang='lat' dir='ltr'>s</span> <span class='ocrx_word' id='word_1_6' title='bbox 680 187 792 236; x_wconf 75' lang='lat' dir='ltr'>rs—se.</span> <span class='ocrx_word' id='word_1_7' title='bbox 966 181 1031 245; x_wconf 79' lang='lat'>385</span> 
     </span>
    </p>
   </div>
   <div class='ocr_carea' id='block_1_2' title="bbox 14 320 1150 3652">
    <p class='ocr_par' dir='ltr' id='par_1_2' title="bbox 14 320 1150 3652">
     <span class='ocr_line' id='line_1_2' title="bbox 32 320 1030 409; baseline 0.004 -25"><span class='ocrx_word' id='word_1_8' title='bbox 32 320 189 386; x_wconf 90' lang='lat' dir='ltr'>hominem</span> <span class='ocrx_word' id='word_1_9' title='bbox 213 343 280 388; x_wconf 91' lang='lat' dir='ltr'>non</span> <span class='ocrx_word' id='word_1_10' title='bbox 301 323 407 388; x_wconf 88' lang='lat' dir='ltr'>solum</span> <span class='ocrx_word' id='word_1_11' title='bbox 430 323 531 406; x_wconf 91' lang='lat' dir='ltr'>domi,</span> <span class='ocrx_word' id='word_1_12' title='bbox 555 323 611 390; x_wconf 87' lang='lat' dir='ltr'>sed</span> <span class='ocrx_word' id='word_1_13' title='bbox 632 328 705 389; x_wconf 88' lang='lat' dir='ltr'>tota</span> <span class='ocrx_word' id='word_1_14' title='bbox 727 321 838 390; x_wconf 78' lang='lat' dir='ltr'>Sicilia</span> <span class='ocrx_word' id='word_1_15' title='bbox 859 324 895 389; x_wconf 90' lang='lat' dir='ltr'>in</span> <span class='ocrx_word' id='word_1_16' title='bbox 916 324 1030 409; x_wconf 89' lang='lat' dir='ltr'>primis</span> 
     </span>
     <span class='ocr_line' id='line_1_3' title="bbox 32 407 1032 498; baseline 0.007 -27"><span class='ocrx_word' id='word_1_17' title='bbox 32 407 181 494; x_wconf 87' lang='lat' dir='ltr'>nobilem,</span> <span class='ocrx_word' id='word_1_18' title='bbox 211 410 319 482; x_wconf 87' lang='lat' dir='ltr'>vocari</span> <span class='ocrx_word' id='word_1_19' title='bbox 341 411 447 476; x_wconf 90' lang='lat' dir='ltr'>iussit.</span> <span class='ocrx_word' id='word_1_20' title='bbox 486 411 529 476; x_wconf 81' lang='lat' dir='ltr'>ni</span> <span class='ocrx_word' id='word_1_21' title='bbox 550 413 718 498; x_wconf 86' lang='lat' dir='ltr'>negotium</span> <span class='ocrx_word' id='word_1_22' title='bbox 741 412 842 497; x_wconf 86' lang='lat' dir='ltr'>dedit,</span> <span class='ocrx_word' id='word_1_23' title='bbox 868 416 919 497; x_wconf 89' lang='lat' dir='ltr'>ut,</span> <span class='ocrx_word' id='word_1_24' title='bbox 946 412 1032 496; x_wconf 89' lang='lat' dir='ltr'>quic·</span> 
     </span>
     <span class='ocr_line' id='line_1_4' title="bbox 32 497 1032 586; baseline 0.006 -26"><span class='ocrx_word' id='word_1_25' title='bbox 32 497 100 579; x_wconf 92' lang='lat' dir='ltr'>quid</span> <span class='ocrx_word' id='word_1_26' title='bbox 122 497 265 562; x_wconf 75' lang='lat' dir='ltr'>Halunti</span> <span class='ocrx_word' id='word_1_27' title='bbox 291 502 376 564; x_wconf 89' lang='lat' dir='ltr'>esset</span> <span class='ocrx_word' id='word_1_28' title='bbox 404 501 532 586; x_wconf 90' lang='lat' dir='ltr'>argenti</span> <span class='ocrx_word' id='word_1_29' title='bbox 558 501 676 566; x_wconf 85' lang='lat' dir='ltr'>caelati</span> <span class='ocrx_word' id='word_1_30' title='bbox 701 504 759 566; x_wconf 88' lang='lat' dir='ltr'>aut</span> <span class='ocrx_word' id='word_1_31' title='bbox 780 501 808 565; x_wconf 89' lang='lat' dir='ltr'>si</span> <span class='ocrx_word' id='word_1_32' title='bbox 832 500 909 584; x_wconf 90' lang='lat' dir='ltr'>quid</span> <span class='ocrx_word' id='word_1_33' title='bbox 932 500 1032 566; x_wconf 86' lang='lat' dir='ltr'>etiam</span> 
     </span>
     <span class='ocr_line' id='line_1_5' title="bbox 32 583 1031 676; baseline 0.004 -28"><span class='ocrx_word' id='word_1_34' title='bbox 32 583 278 669; x_wconf 79' lang='lat' dir='ltr'>Corinthiorum,</span> <span class='ocrx_word' id='word_1_35' title='bbox 300 587 334 650; x_wconf 92' lang='lat' dir='ltr'>id</span> <span class='ocrx_word' id='word_1_36' title='bbox 351 609 447 655; x_wconf 91' lang='lat' dir='ltr'>omne</span> <span class='ocrx_word' id='word_1_37' title='bbox 465 589 578 654; x_wconf 84' lang='lat' dir='ltr'>statim</span> <span class='ocrx_word' id='word_1_38' title='bbox 600 589 642 654; x_wconf 79' lang='lat' dir='ltr'>ad</span> <span class='ocrx_word' id='word_1_39' title='bbox 664 609 753 654; x_wconf 89' lang='lat' dir='ltr'>mare</span> <span class='ocrx_word' id='word_1_40' title='bbox 776 610 815 654; x_wconf 83' lang='lat' dir='ltr'>ex</span> <span class='ocrx_word' id='word_1_41' title='bbox 838 587 956 676; x_wconf 88' lang='lat' dir='ltr'>oppido</span> <span class='ocrx_word' id='word_1_42' title='bbox 980 587 1031 652; x_wconf 89' lang='lat' dir='ltr'>de-</span> 
     </span>
     <span class='ocr_line' id='line_1_6' title="bbox 14 673 1031 763; baseline 0.005 -26"><span class='ocrx_word' id='word_1_43' title='bbox 14 677 221 756; x_wconf 70' lang='lat' dir='ltr'>sporteretur.</span> <span class='ocrx_word' id='word_1_44' title='bbox 256 673 410 741; x_wconf 80' lang='lat' dir='ltr'>Esoendit</span> <span class='ocrx_word' id='word_1_45' title='bbox 427 675 462 740; x_wconf 91' lang='lat' dir='ltr'>in</span> <span class='ocrx_word' id='word_1_46' title='bbox 480 676 634 762; x_wconf 86' lang='lat' dir='ltr'>oppidum</span> <span class='ocrx_word' id='word_1_47' title='bbox 647 677 888 763; x_wconf 76' lang='lat' dir='ltr'><strong>Archagathus.</strong></span> <span class='ocrx_word' id='word_1_48' title='bbox 923 675 1031 742; x_wconf 88' lang='lat' dir='ltr'>Homo</span> 
     </span>
     <span class='ocr_line' id='line_1_7' title="bbox 32 761 1031 852; baseline 0.004 -28"><span class='ocrx_word' id='word_1_49' title='bbox 32 761 156 846; x_wconf 87' lang='lat' dir='ltr'>nobilis,</span> <span class='ocrx_word' id='word_1_50' title='bbox 194 763 252 846; x_wconf 89' lang='lat' dir='ltr'>qui</span> <span class='ocrx_word' id='word_1_51' title='bbox 284 785 304 828; x_wconf 93' lang='lat' dir='ltr'>a</span> <span class='ocrx_word' id='word_1_52' title='bbox 334 764 402 828; x_wconf 88' lang='lat' dir='ltr'>suis</span> <span class='ocrx_word' id='word_1_53' title='bbox 433 765 536 829; x_wconf 89' lang='lat' dir='ltr'>amari</span> <span class='ocrx_word' id='word_1_54' title='bbox 568 769 600 830; x_wconf 88' lang='lat' dir='ltr'>et</span> <span class='ocrx_word' id='word_1_55' title='bbox 632 765 725 852; x_wconf 82' lang='lat' dir='ltr'>diligi</span> <span class='ocrx_word' id='word_1_56' title='bbox 757 766 869 850; x_wconf 90' lang='lat' dir='ltr'>vellet,</span> <span class='ocrx_word' id='word_1_57' title='bbox 903 764 1031 833; x_wconf 83' lang='lat' dir='ltr'>ferebat</span> 
     </span>
     <span class='ocr_line' id='line_1_8' title="bbox 34 850 1031 937; baseline 0.002 -23"><span class='ocrx_word' id='word_1_58' title='bbox 34 850 169 934; x_wconf 81' lang='lat' dir='ltr'>graviter</span> <span class='ocrx_word' id='word_1_59' title='bbox 182 851 277 916; x_wconf 88' lang='lat' dir='ltr'>illam</span> <span class='ocrx_word' id='word_1_60' title='bbox 296 851 360 930; x_wconf 85' lang='lat' dir='ltr'>sibi</span> <span class='ocrx_word' id='word_1_61' title='bbox 378 852 420 916; x_wconf 89' lang='lat' dir='ltr'>ab</span> <span class='ocrx_word' id='word_1_62' title='bbox 437 852 503 918; x_wconf 85' lang='lat' dir='ltr'>isto</span> <span class='ocrx_word' id='word_1_63' title='bbox 520 853 721 936; x_wconf 77' lang='lat' dir='ltr'>provinciam</span> <span class='ocrx_word' id='word_1_64' title='bbox 739 854 849 920; x_wconf 86' lang='lat' dir='ltr'>datam</span> <span class='ocrx_word' id='word_1_65' title='bbox 868 875 935 937; x_wconf 89' lang='lat' dir='ltr'>nec,</span> <span class='ocrx_word' id='word_1_66' title='bbox 954 852 1031 936; x_wconf 90' lang='lat' dir='ltr'>quid</span> 
     </span>
     <span class='ocr_line' id='line_1_9' title="bbox 33 935 1031 1026; baseline 0.008 -28"><span class='ocrx_word' id='word_1_67' title='bbox 33 935 156 1023; x_wconf 88' lang='lat' dir='ltr'>faceret,</span> <span class='ocrx_word' id='word_1_68' title='bbox 194 939 353 1023; x_wconf 82' lang='lat' dir='ltr'>habebat3</span> <span class='ocrx_word' id='word_1_69' title='bbox 388 941 592 1026; x_wconf 86' lang='lat' dir='ltr'>pronuntiat,</span> <span class='ocrx_word' id='word_1_70' title='bbox 628 941 704 1025; x_wconf 90' lang='lat' dir='ltr'>quid</span> <span class='ocrx_word' id='word_1_71' title='bbox 740 941 804 1006; x_wconf 89' lang='lat' dir='ltr'>sibi</span> <span class='ocrx_word' id='word_1_72' title='bbox 835 943 1031 1026; x_wconf 85' lang='lat' dir='ltr'>imperatum</span> 
     </span>
     <span class='ocr_line' id='line_1_10' title="bbox 35 1026 1032 1114; baseline 0.007 -26"><span class='ocrx_word' id='word_1_73' title='bbox 35 1029 120 1110; x_wconf 88' lang='lat' dir='ltr'>esset,</span> <span class='ocrx_word' id='word_1_74' title='bbox 151 1026 247 1092; x_wconf 89' lang='lat' dir='ltr'>iubet</span> <span class='ocrx_word' id='word_1_75' title='bbox 279 1027 384 1093; x_wconf 88' lang='lat' dir='ltr'>omnis</span> <span class='ocrx_word' id='word_1_76' title='bbox 410 1028 568 1113; x_wconf 89' lang='lat' dir='ltr'>proferre,</span> <span class='ocrx_word' id='word_1_77' title='bbox 600 1029 686 1114; x_wconf 89' lang='lat' dir='ltr'>quod</span> <span class='ocrx_word' id='word_1_78' title='bbox 712 1029 880 1094; x_wconf 89' lang='lat' dir='ltr'>haberent.</span> <span class='ocrx_word' id='word_1_79' title='bbox 925 1029 1032 1095; x_wconf 87' lang='lat' dir='ltr'>Metus</span> 
     </span>
     <span class='ocr_line' id='line_1_11' title="bbox 14 1116 1031 1200; baseline 0.008 -26"><span class='ocrx_word' id='word_1_80' title='bbox 14 1116 274 1199; x_wconf 60' lang='lat' dir='ltr'>certissumus,</span> <span class='ocrx_word' id='word_1_81' title='bbox 296 1116 366 1200; x_wconf 85' lang='lat' dir='ltr'>ipse</span> <span class='ocrx_word' id='word_1_82' title='bbox 385 1116 470 1182; x_wconf 89' lang='lat' dir='ltr'>enim</span> <span class='ocrx_word' id='word_1_83' title='bbox 488 1121 644 1200; x_wconf 86' lang='lat' dir='ltr'>tyrannus</span> <span class='ocrx_word' id='word_1_84' title='bbox 667 1139 734 1182; x_wconf 91' lang='lat' dir='ltr'>non</span> <span class='ocrx_word' id='word_1_85' title='bbox 755 1117 939 1183; x_wconf 71' lang='lat' dir='ltr'>discedebat</span> <span class='ocrx_word' id='word_1_86' title='bbox 961 1117 1031 1182; x_wconf 93' lang='lat' dir='ltr'>lon-</span> 
     </span>
     <span class='ocr_line' id='line_1_12' title="bbox 35 1200 1032 1290; baseline 0.004 -25"><span class='ocrx_word' id='word_1_87' title='bbox 35 1200 109 1286; x_wconf 84' lang='lat' dir='ltr'>gius3</span> <span class='ocrx_word' id='word_1_88' title='bbox 132 1202 385 1290; x_wconf 82' lang='lat' dir='ltr'>Archagathum</span> <span class='ocrx_word' id='word_1_89' title='bbox 405 1209 437 1270; x_wconf 89' lang='lat' dir='ltr'>et</span> <span class='ocrx_word' id='word_1_90' title='bbox 459 1209 630 1290; x_wconf 87' lang='lat' dir='ltr'>argentum</span> <span class='ocrx_word' id='word_1_91' title='bbox 651 1206 687 1270; x_wconf 94' lang='lat' dir='ltr'>in</span> <span class='ocrx_word' id='word_1_92' title='bbox 708 1206 823 1272; x_wconf 83' lang='lat' dir='ltr'>lectica</span> <span class='ocrx_word' id='word_1_93' title='bbox 845 1205 966 1270; x_wconf 87' lang='lat' dir='ltr'>cubans</span> <span class='ocrx_word' id='word_1_94' title='bbox 991 1205 1032 1270; x_wconf 90' lang='lat' dir='ltr'>ad</span> 
     </span>
     <span class='ocr_line' id='line_1_13' title="bbox 34 1290 1084 1379; baseline 0.002 -26"><span class='ocrx_word' id='word_1_95' title='bbox 34 1310 112 1364; x_wconf 81' lang='lat' dir='ltr'>nare</span> <span class='ocrx_word' id='word_1_96' title='bbox 133 1290 225 1356; x_wconf 89' lang='lat' dir='ltr'>infra</span> <span class='ocrx_word' id='word_1_97' title='bbox 246 1292 401 1377; x_wconf 90' lang='lat' dir='ltr'>oppidum</span> <span class='ocrx_word' id='word_1_98' title='bbox 424 1296 624 1379; x_wconf 85' lang='lat' dir='ltr'>expectabat.</span> <span class='ocrx_word' id='word_1_99' title='bbox 660 1292 762 1368; x_wconf 83' lang='lat' dir='ltr'>Quem</span> <span class='ocrx_word' id='word_1_100' title='bbox 784 1314 975 1358; x_wconf 89' lang='lat' dir='ltr'>coneursum</span> <span class='ocrx_word' id='word_1_101' title='bbox 997 1293 1033 1358; x_wconf 89' lang='lat' dir='ltr'>in</span> <span class='ocrx_word' id='word_1_102' title='bbox 1050 1305 1084 1356; x_wconf 75' lang='lat'>⁶2</span> 
     </span>
     <span class='ocr_line' id='line_1_14' title="bbox 36 1378 1031 1466; baseline 0.008 -28"><span class='ocrx_word' id='word_1_103' title='bbox 36 1378 141 1461; x_wconf 90' lang='lat' dir='ltr'>oppido</span> <span class='ocrx_word' id='word_1_104' title='bbox 165 1379 292 1445; x_wconf 85' lang='lat' dir='ltr'>factum</span> <span class='ocrx_word' id='word_1_105' title='bbox 315 1380 453 1465; x_wconf 88' lang='lat' dir='ltr'>putatis,</span> <span class='ocrx_word' id='word_1_106' title='bbox 481 1403 577 1465; x_wconf 87' lang='lat' dir='ltr'>quem</span> <span class='ocrx_word' id='word_1_107' title='bbox 599 1382 787 1465; x_wconf 90' lang='lat' dir='ltr'>clamorem,</span> <span class='ocrx_word' id='word_1_108' title='bbox 815 1403 910 1466; x_wconf 89' lang='lat' dir='ltr'>quem</span> <span class='ocrx_word' id='word_1_109' title='bbox 933 1402 1031 1464; x_wconf 86' lang='lat' dir='ltr'>porro</span> 
     </span>
     <span class='ocr_line' id='line_1_15' title="bbox 36 1463 1032 1554; baseline 0.009 -28"><span class='ocrx_word' id='word_1_110' title='bbox 36 1463 135 1530; x_wconf 87' lang='lat' dir='ltr'>fletum</span> <span class='ocrx_word' id='word_1_111' title='bbox 153 1467 352 1533; x_wconf 80' lang='lat' dir='ltr'>mulierum?</span> <span class='ocrx_word' id='word_1_112' title='bbox 375 1470 431 1552; x_wconf 88' lang='lat' dir='ltr'>qui</span> <span class='ocrx_word' id='word_1_113' title='bbox 447 1469 580 1553; x_wconf 81' lang='lat' dir='ltr'>videret,</span> <span class='ocrx_word' id='word_1_114' title='bbox 603 1491 721 1554; x_wconf 89' lang='lat' dir='ltr'>equum</span> <span class='ocrx_word' id='word_1_115' title='bbox 738 1469 914 1535; x_wconf 80' lang='lat' dir='ltr'>Troianum</span> <span class='ocrx_word' id='word_1_116' title='bbox 932 1470 1032 1535; x_wconf 79' lang='lat' dir='ltr'>intro</span> 
     </span>
     <span class='ocr_line' id='line_1_16' title="bbox 14 1551 1032 1641; baseline 0.009 -28"><span class='ocrx_word' id='word_1_117' title='bbox 14 1551 318 1640; x_wconf 62' lang='lat' dir='ltr'>eductum,‘urbem</span> <span class='ocrx_word' id='word_1_118' title='bbox 350 1560 479 1641; x_wconf 88' lang='lat' dir='ltr'>captam</span> <span class='ocrx_word' id='word_1_119' title='bbox 510 1556 638 1624; x_wconf 89' lang='lat' dir='ltr'>diceret.</span> <span class='ocrx_word' id='word_1_120' title='bbox 687 1557 806 1623; x_wconf 79' lang='lat' dir='ltr'>Efferri</span> <span class='ocrx_word' id='word_1_121' title='bbox 832 1559 902 1622; x_wconf 87' lang='lat' dir='ltr'>sina</span> <span class='ocrx_word' id='word_1_122' title='bbox 928 1558 1032 1623; x_wconf 90' lang='lat' dir='ltr'>thecis</span> 
     </span>
     <span class='ocr_line' id='line_1_17' title="bbox 38 1645 1033 1730; baseline 0.007 -26"><span class='ocrx_word' id='word_1_123' title='bbox 38 1661 116 1725; x_wconf 83' lang='lat' dir='ltr'>vasa,</span> <span class='ocrx_word' id='word_1_124' title='bbox 147 1645 338 1728; x_wconf 74' lang='lat' dir='ltr'>extorqueri</span> <span class='ocrx_word' id='word_1_125' title='bbox 364 1645 474 1709; x_wconf 91' lang='lat' dir='ltr'>aliae</span> <span class='ocrx_word' id='word_1_126' title='bbox 502 1646 650 1710; x_wconf 89' lang='lat' dir='ltr'>manibus</span> <span class='ocrx_word' id='word_1_127' title='bbox 678 1646 864 1729; x_wconf 86' lang='lat' dir='ltr'>mulierum,</span> <span class='ocrx_word' id='word_1_128' title='bbox 896 1646 1033 1730; x_wconf 77' lang='lat' dir='ltr'>ecfringi</span> 
     </span>
     <span class='ocr_line' id='line_1_18' title="bbox 38 1730 1031 1817; baseline 0.007 -27"><span class='ocrx_word' id='word_1_129' title='bbox 38 1730 205 1796; x_wconf 87' lang='lat' dir='ltr'>multorum</span> <span class='ocrx_word' id='word_1_130' title='bbox 223 1732 323 1815; x_wconf 88' lang='lat' dir='ltr'>fores,</span> <span class='ocrx_word' id='word_1_131' title='bbox 346 1733 460 1797; x_wconf 87' lang='lat' dir='ltr'>revelli</span> <span class='ocrx_word' id='word_1_132' title='bbox 482 1735 633 1798; x_wconf 86' lang='lat' dir='ltr'>claustra.</span> <span class='ocrx_word' id='word_1_133' title='bbox 670 1733 753 1808; x_wconf 76' lang='lat' dir='ltr'>Quid</span> <span class='ocrx_word' id='word_1_134' title='bbox 776 1734 862 1798; x_wconf 92' lang='lat' dir='ltr'>enim</span> <span class='ocrx_word' id='word_1_135' title='bbox 885 1733 1031 1817; x_wconf 84' lang='lat' dir='ltr'>putatis?</span> 
     </span>
     <span class='ocr_line' id='line_1_19' title="bbox 39 1811 1032 1905; baseline 0.006 -27"><span class='ocrx_word' id='word_1_136' title='bbox 39 1811 122 1882; x_wconf 86' lang='lat' dir='ltr'>Scuta</span> <span class='ocrx_word' id='word_1_137' title='bbox 149 1820 179 1884; x_wconf 93' lang='lat' dir='ltr'>si</span> <span class='ocrx_word' id='word_1_138' title='bbox 208 1821 336 1904; x_wconf 86' lang='lat' dir='ltr'>quando</span> <span class='ocrx_word' id='word_1_139' title='bbox 364 1821 596 1905; x_wconf 89' lang='lat' dir='ltr'>conquiruntur</span> <span class='ocrx_word' id='word_1_140' title='bbox 623 1843 643 1886; x_wconf 85' lang='lat' dir='ltr'>a</span> <span class='ocrx_word' id='word_1_141' title='bbox 667 1821 804 1904; x_wconf 88' lang='lat' dir='ltr'>privatis</span> <span class='ocrx_word' id='word_1_142' title='bbox 827 1821 862 1884; x_wconf 92' lang='lat' dir='ltr'>in</span> <span class='ocrx_word' id='word_1_143' title='bbox 883 1820 971 1885; x_wconf 92' lang='lat' dir='ltr'>bello</span> <span class='ocrx_word' id='word_1_144' title='bbox 994 1841 1032 1884; x_wconf 89' lang='lat' dir='ltr'>ac</span> 
     </span>
     <span class='ocr_line' id='line_1_20' title="bbox 38 1905 1032 1992; baseline 0.007 -27"><span class='ocrx_word' id='word_1_145' title='bbox 38 1905 182 1992; x_wconf 80' lang='lat' dir='ltr'>tumultu,</span> <span class='ocrx_word' id='word_1_146' title='bbox 206 1912 318 1973; x_wconf 89' lang='lat' dir='ltr'>tamen</span> <span class='ocrx_word' id='word_1_147' title='bbox 339 1909 488 1974; x_wconf 88' lang='lat' dir='ltr'>homines</span> <span class='ocrx_word' id='word_1_148' title='bbox 509 1909 606 1974; x_wconf 87' lang='lat' dir='ltr'>inriti</span> <span class='ocrx_word' id='word_1_149' title='bbox 628 1908 720 1992; x_wconf 89' lang='lat' dir='ltr'>dant,</span> <span class='ocrx_word' id='word_1_150' title='bbox 744 1909 806 1973; x_wconf 87' lang='lat' dir='ltr'>etsi</span> <span class='ocrx_word' id='word_1_151' title='bbox 829 1908 870 1973; x_wconf 91' lang='lat' dir='ltr'>ad</span> <span class='ocrx_word' id='word_1_152' title='bbox 893 1908 1032 1972; x_wconf 87' lang='lat' dir='ltr'>salutem</span> 
     </span>
     <span class='ocr_line' id='line_1_21' title="bbox 14 1996 1031 2082; baseline 0.007 -29"><span class='ocrx_word' id='word_1_153' title='bbox 14 2001 231 2061; x_wconf 61' lang='lat' dir='ltr'>scommunem</span> <span class='ocrx_word' id='word_1_154' title='bbox 244 1996 315 2060; x_wconf 89' lang='lat' dir='ltr'>dari</span> <span class='ocrx_word' id='word_1_155' title='bbox 329 1996 482 2080; x_wconf 87' lang='lat' dir='ltr'>sentiunt,</span> <span class='ocrx_word' id='word_1_156' title='bbox 499 2019 540 2062; x_wconf 93' lang='lat' dir='ltr'>ne</span> <span class='ocrx_word' id='word_1_157' title='bbox 555 2017 650 2081; x_wconf 88' lang='lat' dir='ltr'>quem</span> <span class='ocrx_word' id='word_1_158' title='bbox 664 1997 787 2082; x_wconf 89' lang='lat' dir='ltr'>putetis</span> <span class='ocrx_word' id='word_1_159' title='bbox 803 1997 872 2061; x_wconf 92' lang='lat' dir='ltr'>sine</span> <span class='ocrx_word' id='word_1_160' title='bbox 890 1996 1031 2061; x_wconf 85' lang='lat' dir='ltr'>maxime</span> 
     </span>
     <span class='ocr_line' id='line_1_22' title="bbox 41 2077 1150 2172; baseline 0.005 -31"><span class='ocrx_word' id='word_1_161' title='bbox 41 2077 136 2147; x_wconf 91' lang='lat' dir='ltr'>dolore</span> <span class='ocrx_word' id='word_1_162' title='bbox 156 2088 331 2170; x_wconf 86' lang='lat' dir='ltr'>argentum</span> <span class='ocrx_word' id='word_1_163' title='bbox 354 2086 514 2150; x_wconf 90' lang='lat' dir='ltr'>caelatum</span> <span class='ocrx_word' id='word_1_164' title='bbox 536 2085 647 2169; x_wconf 89' lang='lat' dir='ltr'>domo,</span> <span class='ocrx_word' id='word_1_165' title='bbox 669 2085 756 2169; x_wconf 90' lang='lat' dir='ltr'>quod</span> <span class='ocrx_word' id='word_1_166' title='bbox 778 2085 862 2150; x_wconf 88' lang='lat' dir='ltr'>alter</span> <span class='ocrx_word' id='word_1_167' title='bbox 884 2085 1031 2168; x_wconf 89' lang='lat' dir='ltr'>eriperet,</span> <span class='ocrx_word' id='word_1_168' title='bbox 1145 2167 1150 2172; x_wconf 15' lang='grc' dir='ltr'>η</span> 
     </span>
     <span class='ocr_line' id='line_1_23' title="bbox 40 2171 1031 2258; baseline 0.008 -28"><span class='ocrx_word' id='word_1_169' title='bbox 40 2171 211 2248; x_wconf 88' lang='lat' dir='ltr'>protulisse.</span> <span class='ocrx_word' id='word_1_170' title='bbox 252 2171 370 2238; x_wconf 89' lang='lat' dir='ltr'>Omnia</span> <span class='ocrx_word' id='word_1_171' title='bbox 398 2172 592 2239; x_wconf 82' lang='lat' dir='ltr'>deferuntur.</span> <span class='ocrx_word' id='word_1_172' title='bbox 633 2172 808 2258; x_wconf 77' lang='lat' dir='ltr'>Cibyratae</span> <span class='ocrx_word' id='word_1_173' title='bbox 835 2174 953 2238; x_wconf 88' lang='lat' dir='ltr'>fratres</span> <span class='ocrx_word' id='word_1_174' title='bbox 978 2193 1031 2238; x_wconf 83' lang='lat' dir='ltr'>vo·</span> 
     </span>
     <span class='ocr_line' id='line_1_24' title="bbox 41 2261 1031 2347; baseline 0.006 -27"><span class='ocrx_word' id='word_1_175' title='bbox 41 2262 152 2343; x_wconf 81' lang='lat' dir='ltr'>eantur3</span> <span class='ocrx_word' id='word_1_176' title='bbox 182 2281 287 2345; x_wconf 88' lang='lat' dir='ltr'>pauca</span> <span class='ocrx_word' id='word_1_177' title='bbox 309 2261 607 2347; x_wconf 62' lang='lat' dir='ltr'>inprobant31quae</span> <span class='ocrx_word' id='word_1_178' title='bbox 626 2263 818 2347; x_wconf 76' lang='lat' dir='ltr'>probarent,</span> <span class='ocrx_word' id='word_1_179' title='bbox 840 2261 882 2326; x_wconf 88' lang='lat' dir='ltr'>iis</span> <span class='ocrx_word' id='word_1_180' title='bbox 904 2265 1031 2326; x_wconf 85' lang='lat' dir='ltr'>crustae</span> 
     </span>
     <span class='ocr_line' id='line_1_25' title="bbox 41 2348 1032 2416; baseline 0.008 -10"><span class='ocrx_word' id='word_1_181' title='bbox 41 2348 87 2406; x_wconf 82' lang='lat' dir='ltr'>aut</span> <span class='ocrx_word' id='word_1_182' title='bbox 106 2349 303 2414; x_wconf 79' lang='lat' dir='ltr'>emblemata</span> <span class='ocrx_word' id='word_1_183' title='bbox 325 2349 587 2416; x_wconf 85' lang='lat' dir='ltr'>detrahebantur.</span> <span class='ocrx_word' id='word_1_184' title='bbox 624 2349 677 2414; x_wconf 83' lang='lat' dir='ltr'>Sic</span> <span class='ocrx_word' id='word_1_185' title='bbox 695 2349 869 2414; x_wconf 85' lang='lat' dir='ltr'>Haluntini</span> <span class='ocrx_word' id='word_1_186' title='bbox 890 2350 1032 2415; x_wconf 86' lang='lat' dir='ltr'>excussis</span> 
     </span>
     <span class='ocr_line' id='line_1_26' title="bbox 15 2428 1086 2550; baseline 0.01 -58"><span class='ocrx_word' id='word_1_187' title='bbox 15 2428 150 2500; x_wconf 70' lang='lat' dir='ltr'>edeficiis</span> <span class='ocrx_word' id='word_1_188' title='bbox 174 2457 249 2502; x_wconf 91' lang='lat' dir='ltr'>cum</span> <span class='ocrx_word' id='word_1_189' title='bbox 272 2441 407 2522; x_wconf 87' lang='lat' dir='ltr'>argento</span> <span class='ocrx_word' id='word_1_190' title='bbox 430 2459 511 2521; x_wconf 91' lang='lat' dir='ltr'>puro</span> <span class='ocrx_word' id='word_1_191' title='bbox 535 2437 666 2502; x_wconf 88' lang='lat' dir='ltr'>domum</span> <span class='ocrx_word' id='word_1_192' title='bbox 688 2441 904 2503; x_wconf 86' lang='lat' dir='ltr'>revertuntur.</span> <span class='ocrx_word' id='word_1_193' title='bbox 1042 2486 1086 2550; x_wconf 70' lang='lat'>24</span> 
     </span>
     <span class='ocr_line' id='line_1_27' title="bbox 95 2521 1085 2612; baseline -0.003 -22"><span class='ocrx_word' id='word_1_194' title='bbox 95 2521 186 2599; x_wconf 76' lang='lat' dir='ltr'>Quod</span> <span class='ocrx_word' id='word_1_195' title='bbox 208 2547 374 2610; x_wconf 85' lang='lat' dir='ltr'>umquam,</span> <span class='ocrx_word' id='word_1_196' title='bbox 399 2525 533 2608; x_wconf 89' lang='lat' dir='ltr'>iudices,</span> <span class='ocrx_word' id='word_1_197' title='bbox 555 2525 687 2590; x_wconf 87' lang='lat' dir='ltr'>huiusce</span> <span class='ocrx_word' id='word_1_198' title='bbox 710 2525 798 2589; x_wconf 91' lang='lat' dir='ltr'>modi</span> <span class='ocrx_word' id='word_1_199' title='bbox 820 2524 1032 2590; x_wconf 84' lang='lat' dir='ltr'>everriculum</span> <span class='ocrx_word' id='word_1_200' title='bbox 1051 2564 1085 2612; x_wconf 73' lang='lat'>53</span> 
     </span>
     <span class='ocr_line' id='line_1_28' title="bbox 42 2605 1032 2698; baseline 0.003 -25"><span class='ocrx_word' id='word_1_201' title='bbox 42 2605 97 2673; x_wconf 81' lang='lat' dir='ltr'>ulla</span> <span class='ocrx_word' id='word_1_202' title='bbox 121 2612 154 2676; x_wconf 91' lang='lat' dir='ltr'>in</span> <span class='ocrx_word' id='word_1_203' title='bbox 184 2613 352 2696; x_wconf 85' lang='lat' dir='ltr'>provincia</span> <span class='ocrx_word' id='word_1_204' title='bbox 378 2613 461 2678; x_wconf 84' lang='lat' dir='ltr'>fuit?</span> <span class='ocrx_word' id='word_1_205' title='bbox 501 2611 659 2678; x_wconf 83' lang='lat' dir='ltr'>Avertere</span> <span class='ocrx_word' id='word_1_206' title='bbox 686 2612 809 2696; x_wconf 86' lang='lat' dir='ltr'>aliquid</span> <span class='ocrx_word' id='word_1_207' title='bbox 836 2612 874 2677; x_wconf 93' lang='lat' dir='ltr'>de</span> <span class='ocrx_word' id='word_1_208' title='bbox 900 2611 1032 2698; x_wconf 90' lang='lat' dir='ltr'>publico</span> 
     </span>
     <span class='ocr_line' id='line_1_29' title="bbox 43 2700 1033 2787; baseline 0.005 -29"><span class='ocrx_word' id='word_1_209' title='bbox 43 2713 124 2774; x_wconf 89' lang='lat' dir='ltr'>quam</span> <span class='ocrx_word' id='word_1_210' title='bbox 151 2701 381 2767; x_wconf 84' lang='lat' dir='ltr'>obscurissime</span> <span class='ocrx_word' id='word_1_211' title='bbox 407 2722 466 2784; x_wconf 91' lang='lat' dir='ltr'>per</span> <span class='ocrx_word' id='word_1_212' title='bbox 490 2701 720 2787; x_wconf 85' lang='lat' dir='ltr'>magistratum</span> <span class='ocrx_word' id='word_1_213' title='bbox 742 2701 905 2785; x_wconf 82' lang='lat' dir='ltr'>solebant3</span> <span class='ocrx_word' id='word_1_214' title='bbox 934 2700 1033 2765; x_wconf 87' lang='lat' dir='ltr'>etiam</span> 
     </span>
     <span class='ocr_line' id='line_1_30' title="bbox 43 2787 1033 2874; baseline -0.001 -22"><span class='ocrx_word' id='word_1_215' title='bbox 43 2801 102 2850; x_wconf 71' lang='lat' dir='ltr'>tum</span> <span class='ocrx_word' id='word_1_216' title='bbox 128 2788 251 2872; x_wconf 90' lang='lat' dir='ltr'>aliquid</span> <span class='ocrx_word' id='word_1_217' title='bbox 279 2811 298 2853; x_wconf 88' lang='lat' dir='ltr'>a</span> <span class='ocrx_word' id='word_1_218' title='bbox 324 2789 453 2873; x_wconf 86' lang='lat' dir='ltr'>privato</span> <span class='ocrx_word' id='word_1_219' title='bbox 480 2810 748 2874; x_wconf 86' lang='lat' dir='ltr'>nonnumquam,</span> <span class='ocrx_word' id='word_1_220' title='bbox 764 2789 888 2855; x_wconf 87' lang='lat' dir='ltr'>occulte</span> <span class='ocrx_word' id='word_1_221' title='bbox 911 2787 1033 2853; x_wconf 83' lang='lat' dir='ltr'>aufere</span> 
     </span>
     <span class='ocr_line' id='line_1_31' title="bbox 16 2865 1033 2960; baseline 0.004 -24"><span class='ocrx_word' id='word_1_222' title='bbox 16 2865 121 2958; x_wconf 67' lang='lat' dir='ltr'>llbant,</span> <span class='ocrx_word' id='word_1_223' title='bbox 148 2880 182 2941; x_wconf 89' lang='lat' dir='ltr'>et</span> <span class='ocrx_word' id='word_1_224' title='bbox 206 2877 230 2942; x_wconf 93' lang='lat' dir='ltr'>ii</span> <span class='ocrx_word' id='word_1_225' title='bbox 252 2880 363 2943; x_wconf 90' lang='lat' dir='ltr'>tamen</span> <span class='ocrx_word' id='word_1_226' title='bbox 385 2876 691 2943; x_wconf 79' lang='lat' dir='ltr'>condemnabantur.</span> <span class='ocrx_word' id='word_1_227' title='bbox 731 2877 789 2960; x_wconf 79' lang='lat' dir='ltr'>Et,</span> <span class='ocrx_word' id='word_1_228' title='bbox 816 2877 845 2941; x_wconf 87' lang='lat' dir='ltr'>si</span> <span class='ocrx_word' id='word_1_229' title='bbox 868 2876 1033 2960; x_wconf 87' lang='lat' dir='ltr'>quaeritis,</span> 
     </span>
     <span class='ocr_line' id='line_1_32' title="bbox 42 2961 1032 3052; baseline 0.006 -28"><span class='ocrx_word' id='word_1_230' title='bbox 42 2961 72 3019; x_wconf 81' lang='lat' dir='ltr'>ut</span> <span class='ocrx_word' id='word_1_231' title='bbox 93 2961 161 3046; x_wconf 86' lang='lat' dir='ltr'>ipse</span> <span class='ocrx_word' id='word_1_232' title='bbox 190 2965 228 3030; x_wconf 91' lang='lat' dir='ltr'>de</span> <span class='ocrx_word' id='word_1_233' title='bbox 255 2987 307 3029; x_wconf 92' lang='lat' dir='ltr'>me</span> <span class='ocrx_word' id='word_1_234' title='bbox 332 2965 514 3049; x_wconf 87' lang='lat' dir='ltr'>detraham,</span> <span class='ocrx_word' id='word_1_235' title='bbox 541 2966 617 3031; x_wconf 89' lang='lat' dir='ltr'>illos</span> <span class='ocrx_word' id='word_1_236' title='bbox 641 2987 702 3052; x_wconf 86' lang='lat' dir='ltr'>ego</span> <span class='ocrx_word' id='word_1_237' title='bbox 722 2968 929 3032; x_wconf 86' lang='lat' dir='ltr'>accusatores</span> <span class='ocrx_word' id='word_1_238' title='bbox 952 2967 1032 3049; x_wconf 89' lang='lat' dir='ltr'>puto</span> 
     </span>
     <span class='ocr_line' id='line_1_33' title="bbox 42 3041 1032 3137; baseline 0.008 -27"><span class='ocrx_word' id='word_1_239' title='bbox 42 3041 138 3135; x_wconf 80' lang='lat' dir='ltr'>fuisse,</span> <span class='ocrx_word' id='word_1_240' title='bbox 160 3053 216 3137; x_wconf 91' lang='lat' dir='ltr'>qui</span> <span class='ocrx_word' id='word_1_241' title='bbox 234 3053 303 3118; x_wconf 87' lang='lat' dir='ltr'>eius</span> <span class='ocrx_word' id='word_1_242' title='bbox 322 3055 409 3118; x_wconf 90' lang='lat' dir='ltr'>modi</span> <span class='ocrx_word' id='word_1_243' title='bbox 428 3054 595 3120; x_wconf 89' lang='lat' dir='ltr'>hominum</span> <span class='ocrx_word' id='word_1_244' title='bbox 613 3054 702 3119; x_wconf 83' lang='lat' dir='ltr'>furta</span> <span class='ocrx_word' id='word_1_245' title='bbox 721 3053 818 3119; x_wconf 90' lang='lat' dir='ltr'>odore</span> <span class='ocrx_word' id='word_1_246' title='bbox 842 3056 898 3118; x_wconf 86' lang='lat' dir='ltr'>aut</span> <span class='ocrx_word' id='word_1_247' title='bbox 922 3052 1032 3137; x_wconf 89' lang='lat' dir='ltr'>aliquo</span> 
     </span>
     <span class='ocr_line' id='line_1_34' title="bbox 43 3129 1032 3227; baseline 0.009 -30"><span class='ocrx_word' id='word_1_248' title='bbox 43 3129 144 3203; x_wconf 83' lang='lat' dir='ltr'>leviter</span> <span class='ocrx_word' id='word_1_249' title='bbox 182 3163 295 3226; x_wconf 77' lang='lat' dir='ltr'>presso</span> <span class='ocrx_word' id='word_1_250' title='bbox 331 3141 470 3227; x_wconf 86' lang='lat' dir='ltr'>vestigio</span> <span class='ocrx_word' id='word_1_251' title='bbox 508 3142 792 3226; x_wconf 84' lang='lat' dir='ltr'>persequebantur.</span> <span class='ocrx_word' id='word_1_252' title='bbox 850 3139 937 3204; x_wconf 84' lang='lat' dir='ltr'>Nam</span> <span class='ocrx_word' id='word_1_253' title='bbox 971 3163 1032 3206; x_wconf 89' lang='lat' dir='ltr'>nos</span> 
     </span>
     <span class='ocr_line' id='line_1_35' title="bbox 45 3223 1034 3313; baseline 0.004 -24"><span class='ocrx_word' id='word_1_254' title='bbox 45 3223 158 3302; x_wconf 87' lang='lat' dir='ltr'>quidem</span> <span class='ocrx_word' id='word_1_255' title='bbox 190 3229 267 3312; x_wconf 89' lang='lat' dir='ltr'>quid</span> <span class='ocrx_word' id='word_1_256' title='bbox 295 3230 431 3296; x_wconf 87' lang='lat' dir='ltr'>facimus</span> <span class='ocrx_word' id='word_1_257' title='bbox 458 3230 494 3293; x_wconf 91' lang='lat' dir='ltr'>in</span> <span class='ocrx_word' id='word_1_258' title='bbox 515 3228 630 3313; x_wconf 90' lang='lat' dir='ltr'>Verre,</span> <span class='ocrx_word' id='word_1_259' title='bbox 663 3235 769 3313; x_wconf 89' lang='lat' dir='ltr'>quem</span> <span class='ocrx_word' id='word_1_260' title='bbox 785 3229 820 3292; x_wconf 93' lang='lat' dir='ltr'>in</span> <span class='ocrx_word' id='word_1_261' title='bbox 846 3229 916 3294; x_wconf 90' lang='lat' dir='ltr'>luto</span> <span class='ocrx_word' id='word_1_262' title='bbox 944 3230 1034 3295; x_wconf 83' lang='lat' dir='ltr'>rolu-</span> 
     </span>
     <span class='ocr_line' id='line_1_36' title="bbox 17 3308 1033 3404; baseline 0.016 -37"><span class='ocrx_word' id='word_1_263' title='bbox 17 3308 135 3382; x_wconf 71' lang='lat' dir='ltr'>sescum</span> <span class='ocrx_word' id='word_1_264' title='bbox 148 3317 250 3382; x_wconf 89' lang='lat' dir='ltr'>totius</span> <span class='ocrx_word' id='word_1_265' title='bbox 265 3318 408 3402; x_wconf 88' lang='lat' dir='ltr'>corporis</span> <span class='ocrx_word' id='word_1_266' title='bbox 422 3318 570 3404; x_wconf 86' lang='lat' dir='ltr'>vestigiis</span> <span class='ocrx_word' id='word_1_267' title='bbox 584 3318 787 3383; x_wconf 82' lang='lat' dir='ltr'>invenimus?</span> <span class='ocrx_word' id='word_1_268' title='bbox 814 3316 1033 3404; x_wconf 81' lang='lat' dir='ltr'>Permagnam</span> 
     </span>
     <span class='ocr_line' id='line_1_37' title="bbox 46 3401 1032 3491; baseline 0.001 -22"><span class='ocrx_word' id='word_1_269' title='bbox 46 3401 85 3461; x_wconf 58' lang='grc' dir='ltr'>θεῖ</span> <span class='ocrx_word' id='word_1_270' title='bbox 99 3402 131 3468; x_wconf 90' lang='lat' dir='ltr'>in</span> <span class='ocrx_word' id='word_1_271' title='bbox 149 3427 220 3470; x_wconf 89' lang='lat' dir='ltr'>eum</span> <span class='ocrx_word' id='word_1_272' title='bbox 241 3406 344 3471; x_wconf 90' lang='lat' dir='ltr'>dicere</span> <span class='ocrx_word' id='word_1_273' title='bbox 365 3405 496 3490; x_wconf 84' lang='lat' dir='ltr'>aliquid,</span> <span class='ocrx_word' id='word_1_274' title='bbox 520 3406 576 3490; x_wconf 90' lang='lat' dir='ltr'>qui</span> <span class='ocrx_word' id='word_1_275' title='bbox 597 3406 797 3490; x_wconf 85' lang='lat' dir='ltr'>praeteriens</span> <span class='ocrx_word' id='word_1_276' title='bbox 819 3406 935 3471; x_wconf 88' lang='lat' dir='ltr'>lectica</span> <span class='ocrx_word' id='word_1_277' title='bbox 957 3429 1032 3491; x_wconf 86' lang='lat' dir='ltr'>pau·</span> 
     </span>
     <span class='ocr_line' id='line_1_38' title="bbox 45 3480 1033 3580; baseline 0.004 -27"><span class='ocrx_word' id='word_1_278' title='bbox 45 3480 131 3571; x_wconf 79' lang='lat' dir='ltr'>lisper</span> <span class='ocrx_word' id='word_1_279' title='bbox 159 3495 307 3580; x_wconf 87' lang='lat' dir='ltr'>deposita</span> <span class='ocrx_word' id='word_1_280' title='bbox 338 3516 404 3560; x_wconf 90' lang='lat' dir='ltr'>non</span> <span class='ocrx_word' id='word_1_281' title='bbox 430 3516 488 3578; x_wconf 89' lang='lat' dir='ltr'>per</span> <span class='ocrx_word' id='word_1_282' title='bbox 514 3493 723 3580; x_wconf 88' lang='lat' dir='ltr'>praestigias,</span> <span class='ocrx_word' id='word_1_283' title='bbox 756 3494 813 3561; x_wconf 88' lang='lat' dir='ltr'>sed</span> <span class='ocrx_word' id='word_1_284' title='bbox 838 3495 949 3580; x_wconf 86' lang='lat' dir='ltr'>palam</span> <span class='ocrx_word' id='word_1_285' title='bbox 974 3514 1033 3577; x_wconf 89' lang='lat' dir='ltr'>per</span> 
     </span>
     <span class='ocr_line' id='line_1_39' title="bbox 89 3599 821 3652; baseline 0.014 -10"><span class='ocrx_word' id='word_1_286' title='bbox 89 3599 138 3646; x_wconf 83' lang='lat'>010.</span> <span class='ocrx_word' id='word_1_287' title='bbox 149 3606 183 3648; x_wconf 90' lang='lat'>11.</span> <span class='ocrx_word' id='word_1_288' title='bbox 207 3610 226 3651; x_wconf 89' lang='lat'>1.</span> <span class='ocrx_word' id='word_1_289' title='bbox 787 3602 821 3652; x_wconf 73' lang='lat'>25</span> 
     </span>
    </p>
   </div>
   <div class='ocr_carea' id='block_1_3' title="bbox 0 0 1210 3928">
    <p class='ocr_par' dir='ltr' id='par_1_3' title="bbox 0 0 1210 3928">
     <span class='ocr_line' id='line_1_40' title="bbox 0 0 1210 3928; baseline 0 0"><span class='ocrx_word' id='word_1_290' title='bbox 0 0 1210 3928; x_wconf 95' lang='lat' dir='ltr'> </span> 
     </span>
    </p>
   </div>
  </div>
 </body>
</html>
