2404 3928
258 141 328 210 urs.
348 142 387 195 lv
418 143 496 198 aar.
515 149 557 212 re,
576 147 611 198 so
628 149 644 210 s
664 148 811 198 roe-rra.
969 145 1034 206 411

97 283 160 361 Qui
179 285 310 352 tandem
326 287 423 354 istius
442 287 569 353 animus
588 292 638 354 est
655 309 740 353 nuno
758 287 794 352 in
813 285 1089 356 recordationedl)

37 375 191 438 scelerum
219 395 362 458 suorum,
390 397 461 442 cum
489 397 550 462 ego
577 377 647 462 ipse
673 376 708 440 in
730 378 1036 442 commemoratione

38 483 142 527 eorum
175 484 242 528 non
273 464 379 530 solum
411 465 519 530 animo
547 486 764 549 commovear,
796 486 909 530 verum
937 464 1037 530 etiam

37 572 165 634 corpore
193 553 459 637 perhorrescam?
503 551 602 620 Venit
630 553 715 619 enim
742 553 823 619 mihi
850 553 931 638 lani,
964 554 1036 637 loci,

17 639 200 725 creligionis
235 640 325 706 illius
356 641 392 706 in
423 645 579 727 mentem3
613 647 785 708 versantur
817 646 893 708 ante
925 643 1036 708 oculos

38 728 152 813 omnia,
192 728 259 794 dies
290 729 360 814 ille,
392 753 456 815 quo
488 753 561 798 cum
593 753 654 818 ego
686 731 836 798 Hennam
867 733 1037 817 venissem,

38 821 161 902 praesto
191 817 272 883 mihi
298 818 480 886 sacerdotes
511 817 636 886 Cereris
665 843 737 886 cum
764 821 876 888 infulis
904 845 942 888 ac
968 843 1037 887 ver-

38 905 121 971 benis
139 905 283 992 fuerunt,
303 908 410 973 contio
431 912 670 994 conventusque
688 909 816 995 civium,
838 911 955 994 inquo
975 932 1036 996 ego

39 1015 103 1060 cum
138 996 304 1080 loquerer,
340 997 425 1062 tanti
462 997 601 1083 gemitus
636 997 796 1082 fletusque
829 999 964 1081 fiebant,
1000 1001 1037 1063 ut

11 1096 30 1138 ¹⁰
40 1083 260 1150 acerbissimus
278 1088 350 1151 tota
370 1086 450 1150 urbe
468 1086 574 1152 luctus
593 1087 716 1152 versari
734 1087 906 1152 videretur.
943 1085 1019 1152 Non
1037 1101 1088 1150 111

39 1171 81 1234 illi
96 1172 305 1238 decumarum
323 1174 467 1260 imperia,
486 1196 552 1240 non
569 1175 729 1240 bonorum
747 1175 953 1259 direptiones,
971 1196 1037 1240 non

40 1259 140 1345 iniqua
172 1261 306 1347 iudicia,
336 1284 403 1328 non
433 1263 625 1348 inportunas
651 1264 747 1329 istius
774 1263 939 1348 libidines,
970 1285 1036 1328 non

40 1349 106 1434 vim,
123 1371 191 1416 non
206 1351 428 1436 contumelias,
447 1353 565 1435 quibus
579 1352 688 1418 vexati
707 1353 916 1437 oppressique
936 1356 1037 1437 erant,

41 1439 325 1524 conquerebantur3
350 1437 476 1504 Cereris
494 1461 623 1524 numen,
646 1462 811 1516 sacrorum
831 1443 1037 1524 vetustatem,

14 1523 100 1590 ulmi
116 1527 309 1614 religionem
327 1528 424 1593 istius
446 1529 688 1595 sceleratissimi
710 1534 808 1614 atque
831 1529 1038 1596 audacissimi

43 1616 191 1700 supplicio
220 1615 342 1701 expiari
368 1617 536 1700 volebant,
557 1616 678 1688 ,omnia
705 1639 739 1682 se
767 1621 875 1683 cetera
902 1618 971 1703 pati
1000 1640 1038 1682 ec

42 1704 205 1790 neglegere
225 1704 383 1770 dicebant.
418 1703 481 1770 Hic
500 1705 592 1769 dolor
611 1709 681 1770 erat
698 1709 822 1788 tantus,
839 1708 876 1770 ut
891 1704 1036 1786 [Verres]

43 1791 115 1856 alter
150 1791 254 1858 Orcus
290 1794 417 1858 venisse
452 1791 602 1858 Hennam
638 1797 672 1858 et
706 1814 774 1858 non
808 1792 1037 1876 Proserpinam

44 1886 231 1965 asportasse,
264 1881 319 1947 sed
348 1882 454 1966 ipsam
482 1881 663 1966 abripuisse
690 1879 838 1946 Cererem
864 1880 1036 1946 videretur.

16 1965 162 2034 autenm
182 1971 261 2034 urbs
280 1969 339 2034 illa
356 1991 423 2035 non
442 1971 520 2034 urbs
538 1969 675 2053 videtur,
698 1968 754 2033 sed
775 1967 887 2034 fanum
911 1967 1036 2034 Oercris

45 2075 116 2141 esse,
135 2059 286 2124 habitare
305 2059 391 2144 apud
410 2079 479 2122 sese
498 2057 647 2124 Cererem
665 2055 855 2122 Hennenses
879 2057 1037 2122 arbitran-

44 2146 100 2228 tur,
129 2151 166 2211 ut
201 2147 281 2211 mihi
311 2168 378 2212 non
408 2146 494 2215 cives
526 2146 615 2211 illius
647 2145 805 2231 civitatis,
837 2145 893 2211 sed
926 2166 1037 2210 omnes

46 2235 231 2319 sacerdotes,
249 2256 360 2300 omnes
380 2235 508 2300 accolae
527 2240 624 2318 atque
644 2235 807 2302 antistites
822 2232 948 2300 Cereris
967 2255 1037 2300 esse
1188 2299 1190 2302 .

45 2319 211 2388 rideantur.
270 2322 386 2388 Henna
421 2326 459 2387 tu
496 2322 703 2388 simulacrum
740 2321 868 2388 Cereris
903 2324 1019 2388 tollere
1040 2335 1090 2384 ns

19 2410 185 2495 caudebec,
207 2409 324 2476 Henna
341 2415 378 2476 tu
398 2411 437 2476 dc
455 2433 553 2476 manu
572 2409 696 2476 Cereris
711 2409 892 2476 Victoriam
915 2411 1038 2494 eripere

47 2500 72 2558 et
100 2498 192 2564 deam
224 2499 301 2564 deae
334 2499 502 2564 detrahere
534 2501 668 2565 conatus
699 2497 755 2562 es?
791 2515 927 2581 quorum
954 2499 1037 2562 nihil

46 2583 169 2671 violare,
201 2586 284 2651 nihil
317 2587 477 2673 attingere
509 2586 581 2653 ausi
613 2589 702 2670 sunt,
733 2584 768 2650 in
799 2585 916 2670 quibus
946 2590 1038 2650 erant

47 2675 155 2759 onnia,
193 2695 275 2759 quae
312 2675 425 2742 sceleri
456 2675 610 2760 propiora
641 2676 717 2740 sunt
748 2695 846 2758 quam
877 2673 1038 2760 religioni.

47 2754 219 2829 Tenuenmt
238 2763 323 2828 enim
340 2762 376 2828 P.
389 2762 519 2848 Popilio
536 2762 571 2826 P.
586 2762 717 2848 Rupilio
736 2762 923 2828 consulibus
943 2762 1037 2826 illum

21 2845 140 2915 lolocum
159 2852 259 2936 servi,
281 2851 427 2938 fugitivi,
449 2851 593 2934 barbari,
616 2851 742 2935 hostes;
765 2850 820 2915 aed
843 2871 946 2933 neque
969 2853 1038 2914 tam

48 2939 123 3002 servi·
146 2940 197 3004 illi
223 2940 426 3006 dominorum
450 2961 547 3023 quam
570 2944 608 3004 tu
630 2938 815 3022 libidinum,
842 2958 946 3021 neque
969 2941 1038 3001 tam

47 3019 165 3109 fugitivi
180 3028 231 3092 illi
250 3029 292 3094 ab
311 3028 449 3094 dominis
468 3049 565 3111 quam
585 3031 621 3093 tu
641 3027 682 3092 ab
701 3027 771 3091 iure
789 3029 822 3090 et
840 3024 881 3090 ab
900 3025 1038 3111 legibus,

47 3129 136 3196 neque
167 3120 237 3182 tam
268 3116 400 3182 barbari
430 3115 544 3202 lingua
576 3118 609 3180 et
639 3114 772 3180 natione
798 3113 849 3178 illi
862 3134 974 3198 apuam
1001 3117 1039 3178 tu

49 3203 152 3270 natura
179 3208 212 3270 et
240 3205 398 3288 moribus,
424 3225 528 3289 neque
552 3208 622 3268 tam
644 3203 695 3268 illi
717 3201 829 3268 hostes
852 3201 1038 3268 hominibus

22 3291 133 3367 ³5quam
151 3295 188 3357 tu
206 3292 255 3358 dis
274 3292 522 3358 immortalibus.
548 3289 647 3385 ,Quae
668 3290 850 3376 deprecatio
869 3293 919 3355 est
936 3289 1040 3376 igitur

51 3374 74 3436 ei
88 3379 216 3466 reliqua,
235 3382 291 3465 qui
308 3380 503 3466 indignitate
523 3401 643 3463 servos,
664 3379 849 3444 temeritate
871 3377 1039 3464 fugitivos,

50 3465 155 3534 scelere
176 3468 348 3554 barbaros,
370 3468 561 3535 crudelitate
584 3467 695 3534 hostes
719 3467 855 3533 vicerit?
