2402 3936
175 195 240 260 308
470 191 510 246 IN
529 191 558 248 Ο.
577 189 732 246 VERREM
749 190 830 247 lor.
848 190 883 245 Π.

175 340 396 422 contemptam
423 339 457 402 et
482 335 653 411 abiectam.
703 333 796 409 Quod
825 334 1022 417 mehercule,
1055 333 1173 417 iudioea,

175 427 257 492 mihi
278 444 345 492 non
366 424 570 490 mediocriter
591 422 760 488 ferendum
783 421 921 488 videtur.
965 421 1079 487 Habet
1101 423 1172 488 enin

176 514 336 601 quendam
355 514 503 579 oculeum
524 511 730 596 eontumelia,
753 533 852 596 quem
873 511 944 596 pati
966 510 1128 596 pudentes
1147 532 1173 576 se

123 616 158 668 96
176 603 240 670 viri
256 603 335 668 boni
353 601 543 666 difficillime
560 604 707 684 possunt.
743 597 902 685 Spoliasti
920 597 1063 682 Sioulos;
1081 600 1173 665 solent

177 691 263 757 onim
288 689 371 754 muti
393 710 464 754 esse
486 689 522 753 in
542 688 670 753 iniuriis
693 687 773 771 suis3
800 687 928 753 vexasti
948 687 1188 774 nogotiatoreq

175 779 272 844 inviti
303 777 388 844 enim
419 777 558 842 Romam
590 797 730 860 raroque
762 775 934 860 dooedunt3
967 775 1094 860 equites
1125 776 1175 840 Re

176 886 290 932 manos
310 865 351 931 ad
369 864 496 951 Aproni
518 865 654 930 iniurias
678 863 810 947 dedisti3
833 864 911 948 quid
933 863 1020 929 enim
1043 865 1174 929 iamne

176 975 247 1021 oere
270 958 422 1040 possunt,
449 953 566 1038 quibus
589 953 754 1018 nonlicet
777 952 942 1018 iudicare?
984 951 1091 1028 Quid?
1114 975 1174 1019 eun

177 1045 343 1109 senatores
364 1041 499 1107 summis
521 1040 649 1106 iniuriis
672 1040 785 1125 afficis,
807 1040 886 1125 quid
908 1039 999 1105 aliud
1022 1040 1101 1107 diois
1122 1041 1175 1106 nisi

176 1131 251 1199 hoo:
279 1130 378 1198 ‘Cedo
402 1129 484 1195 mihi
506 1129 606 1195 etiam
627 1129 728 1195 istum
751 1132 951 1213 senatorem,
977 1132 1016 1195 ut
1037 1129 1099 1195 hoo
1122 1153 1174 1194 an·

176 1221 361 1305 piissimum
386 1239 506 1284 nomen
533 1218 732 1283 senatorium
758 1237 825 1282 uon
847 1217 944 1283 modo
968 1217 1011 1282 ed
1032 1218 1173 1284 invidiam

176 1308 415 1393 imperitorum,
442 1306 498 1372 sed
524 1306 624 1371 etiam
647 1305 689 1371 ad
711 1305 941 1371 eontnmeliam
963 1305 1173 1392 improborum

124 1411 158 1462 97
176 1401 290 1461 natum
318 1417 387 1460 esso
416 1393 603 1460 videatur'?
647 1392 761 1479 Neque
787 1393 850 1460 hoo
876 1394 912 1458 in
933 1415 1000 1459 uno
1022 1394 1099 1460 feeit
1119 1395 1173 1458 An

174 1503 272 1568 naeo,
300 1482 356 1548 sed
382 1483 417 1547 in
441 1483 591 1549 omnibns
614 1482 834 1566 senatoribus,
861 1485 901 1548 ut
922 1481 1046 1548 ordinis
1067 1503 1174 1548 nomeu

176 1591 244 1637 non
273 1574 403 1636 tantum
436 1571 477 1636 od
507 1572 679 1656 honorem,
711 1573 870 1655 quantum
902 1571 944 1636 ad
973 1571 1173 1657 ignominiam

178 1661 310 1726 valeret.
354 1658 394 1724 In
417 1656 451 1725 Ο.
473 1655 600 1743 Cassio,
626 1659 808 1724 olarissimo
835 1663 870 1723 et
895 1659 1079 1726 fortissimo
1104 1661 1173 1740 viro,

177 1770 251 1816 oum
277 1748 306 1813 is
338 1769 376 1814 eo
408 1748 480 1831 ipso
511 1751 660 1833 tempore
689 1747 795 1832 primo
826 1746 924 1813 istius
956 1767 1042 1814 anno
1073 1748 1172 1814 oonsnl

178 1841 278 1922 esset,
299 1839 394 1902 tanta
415 1835 626 1922 improbitate
648 1855 726 1901 usus
749 1837 813 1919 ost,
835 1839 886 1920 ut,
905 1851 983 1901 'oum
1006 1837 1074 1902 eius
1094 1857 1172 1918 uxor,

177 1926 300 1992 femine
321 1925 492 2010 primerio,
513 1928 667 2009 paternas
690 1923 854 1990 arationes
876 1924 1015 1989 haberet
1034 1925 1070 1989 in
1084 1923 1172 1989 Leon·

178 2015 263 2098 tino,
297 2012 497 2076 frumentum
533 2032 629 2078 omne
661 2012 854 2078 decumanos
886 2010 1016 2078 auferre
1046 2012 1171 2078 iusserit.

178 2099 273 2166 Hune
286 2103 324 2163 tu
336 2100 371 2162 in
384 2100 446 2164 hae
459 2120 557 2164 eausa
569 2102 698 2185 testem,
711 2099 840 2184 Verres,
858 2099 1006 2184 hebebis,
1024 2101 1171 2186 quonian,

125 2201 160 2252 98
178 2187 316 2252 iudioem
341 2207 383 2250 ne
409 2186 560 2271 haberes,
586 2188 770 2269 providisti.
813 2186 883 2254 Vos
906 2193 1031 2274 autem,
1056 2189 1170 2270 iudices,

177 2277 294 2361 putare
312 2273 436 2338 debetis
455 2293 525 2339 esso
543 2275 697 2359 quiddam
714 2276 810 2342 nobis
827 2276 915 2342 inter
932 2297 993 2343 nos
1017 2297 1169 2344 eommune

178 2366 277 2447 atque
305 2361 520 2429 ooniunotum.
566 2363 671 2430 Multa
699 2369 776 2430 sunt
801 2364 957 2450 imposita
981 2366 1057 2432 huie
1079 2363 1169 2432 ordini

177 2471 325 2536 munera,
361 2451 458 2516 multi
490 2451 634 2534 labores,
670 2453 776 2518 multa
805 2453 951 2538 perienle
981 2475 1048 2520 non
1078 2455 1168 2519 solum

177 2541 288 2627 legum
303 2561 341 2606 ao
353 2539 555 2625 indiciorum,
572 2540 742 2606 sedetiam
756 2563 921 2607 rumorum
936 2563 974 2608 ao
991 2546 1168 2628 temporum.

178 2627 231 2696 sie
263 2631 314 2694 est
345 2627 399 2695 hio
431 2628 511 2694 ordo
543 2629 636 2713 quasi
667 2630 855 2715 propositus
886 2635 987 2714 atque
1018 2627 1168 2696 editusin

178 2719 292 2802 altum,
310 2719 349 2781 nt
367 2717 409 2784 ab
429 2717 580 2782 omnibus
597 2718 702 2784 ventis
719 2717 860 2785 invidiae
877 2718 1073 2784 eirenmflari
1088 2735 1167 2804 posse

177 2807 334 2872 videatur.
374 2803 415 2870 In
431 2805 494 2871 hae
511 2809 581 2870 tam
603 2806 723 2871 misera
741 2810 842 2891 'atque
863 2807 978 2891 inique
998 2807 1167 2874 eondioione

177 2895 265 2962 ritae
291 2915 332 2960 ne
359 2893 421 2960 hoo
448 2893 578 2978 quidem
605 2894 829 2979 retinebimus,
857 2894 993 2980 iudioes,
1019 2899 1058 2962 ut
1082 2891 1184 2978 magi·

179 2983 337 3048 stratibus
369 2982 491 3049 nostris
522 2982 557 3046 in
588 2982 763 3049 obtinendo
795 2984 865 3048 iure
895 2987 1011 3050 nostro
1042 3005 1082 3049 ne
1108 3002 1167 3048 eon·

125 3070 390 3222 42mmqqissmi
412 3091 450 3173 ao
473 3070 815 3173 despicatissimiesse
836 3070 1027 3138 videamur?
1160 3155 1166 3168 ι

126 3205 160 3254 ⁹⁹
179 3246 237 3312 sui.
291 3160 1168 3339 &Qanquqmrsquqqugqnqmmqlggrsqqmpffiqqqnqoqqq

179 3334 326 3414 quamvis
355 3355 475 3419 magno
503 3335 580 3420 emi,
612 3357 709 3419 quam
736 3336 771 3400 in
797 3336 939 3422 aliquem
964 3337 1060 3403 istius
1087 3334 1167 3402 emir

179 3417 300 3481 sarium
327 3419 513 3487 insiderent.
553 3421 734 3508 Appositus
756 3427 828 3488 erat
844 3423 1021 3510 Venuleius
1044 3423 1167 3511 quidam.

179 3501 235 3568 oni
266 3508 395 3569 emeret.
439 3506 473 3571 Is
500 3508 591 3574 lioeri
612 3531 679 3576 non
701 3510 840 3596 destitit3
871 3511 936 3600 illi,
964 3513 1070 3598 quoad
1095 3510 1167 3578 vide
