<?xml version="1.0" encoding="UTF-8"?>
<!DOCTYPE html PUBLIC "-//W3C//DTD XHTML 1.0 Transitional//EN"
    "http://www.w3.org/TR/xhtml1/DTD/xhtml1-transitional.dtd">
<html xmlns="http://www.w3.org/1999/xhtml" xml:lang="en" lang="en">
 <head>
  <title>
</title>
<meta http-equiv="Content-Type" content="text/html;charset=utf-8" />
  <meta name='ocr-system' content='tesseract 3.04.00' />
  <meta name='ocr-capabilities' content='ocr_page ocr_carea ocr_par ocr_line ocrx_word'/>
</head>
<body>
  <div class='ocr_page' id='page_1' title='image "./mtulliiciceroni02mlgoog/mtulliiciceroni02mlgoog_0525.png"; bbox 0 0 2404 3928; ppageno 0'>
   <div class='ocr_carea' id='block_1_1' title="bbox 161 151 868 216">
    <p class='ocr_par' dir='ltr' id='par_1_1' title="bbox 161 151 868 216">
     <span class='ocr_line' id='line_1_1' title="bbox 161 151 868 216; baseline -0.017 0"><span class='ocrx_word' id='word_1_1' title='bbox 161 153 228 216; x_wconf 85' lang='grc'><strong>416</strong></span> <span class='ocrx_word' id='word_1_2' title='bbox 463 151 502 205; x_wconf 84' lang='lat' dir='ltr'><strong>IN</strong></span> <span class='ocrx_word' id='word_1_3' title='bbox 521 152 551 207; x_wconf 84' lang='lat'><strong>0.</strong></span> <span class='ocrx_word' id='word_1_4' title='bbox 568 151 720 206; x_wconf 82' lang='lat' dir='ltr'>VERREM</span> <span class='ocrx_word' id='word_1_5' title='bbox 738 151 815 206; x_wconf 78' lang='lat' dir='ltr'>AOT.</span> <span class='ocrx_word' id='word_1_6' title='bbox 835 152 868 205; x_wconf 88' lang='lat'><strong>11.</strong></span> 
     </span>
    </p>
   </div>
   <div class='ocr_carea' id='block_1_2' title="bbox 52 294 1196 3375">
    <p class='ocr_par' dir='ltr' id='par_1_2' title="bbox 161 294 1190 1159">
     <span class='ocr_line' id='line_1_2' title="bbox 163 294 1155 381; baseline -0.003 -19"><span class='ocrx_word' id='word_1_7' title='bbox 163 296 380 364; x_wconf 78' lang='lat' dir='ltr'>meretriciam</span> <span class='ocrx_word' id='word_1_8' title='bbox 416 295 548 362; x_wconf 92' lang='lat' dir='ltr'><strong>domum</strong></span> <span class='ocrx_word' id='word_1_9' title='bbox 584 296 763 362; x_wconf 73' lang='lat' dir='ltr'><strong>transtulit.</strong></span> <span class='ocrx_word' id='word_1_10' title='bbox 811 294 944 381; x_wconf 82' lang='lat' dir='ltr'><strong>Viginti</strong></span> <span class='ocrx_word' id='word_1_11' title='bbox 979 299 1010 360; x_wconf 90' lang='lat' dir='ltr'><strong>et</strong></span> <span class='ocrx_word' id='word_1_12' title='bbox 1044 299 1155 381; x_wconf 78' lang='lat' dir='ltr'><strong>septem</strong></span> 
     </span>
     <span class='ocr_line' id='line_1_3' title="bbox 161 383 1156 471; baseline -0.003 -22"><span class='ocrx_word' id='word_1_13' title='bbox 161 388 332 471; x_wconf 84' lang='lat' dir='ltr'><strong>praeterea</strong></span> <span class='ocrx_word' id='word_1_14' title='bbox 358 385 489 450; x_wconf 91' lang='lat' dir='ltr'><strong>tabulas</strong></span> <span class='ocrx_word' id='word_1_15' title='bbox 516 384 732 468; x_wconf 82' lang='lat' dir='ltr'><strong>pulcherrime</strong></span> <span class='ocrx_word' id='word_1_16' title='bbox 759 383 864 468; x_wconf 81' lang='lat' dir='ltr'><strong>pictas</strong></span> <span class='ocrx_word' id='word_1_17' title='bbox 893 405 932 448; x_wconf 82' lang='lat' dir='ltr'><strong>ex</strong></span> <span class='ocrx_word' id='word_1_18' title='bbox 958 384 1069 450; x_wconf 87' lang='lat' dir='ltr'><strong>eadem</strong></span> <span class='ocrx_word' id='word_1_19' title='bbox 1090 383 1156 452; x_wconf 82' lang='lat' dir='ltr'><strong>aede</strong></span> 
     </span>
     <span class='ocr_line' id='line_1_4' title="bbox 163 469 1158 558; baseline -0.004 -18"><span class='ocrx_word' id='word_1_20' title='bbox 163 473 311 558; x_wconf 80' lang='lat' dir='ltr'><strong>sustulit,</strong></span> <span class='ocrx_word' id='word_1_21' title='bbox 337 473 372 538; x_wconf 90' lang='lat' dir='ltr'><strong>in</strong></span> <span class='ocrx_word' id='word_1_22' title='bbox 400 473 516 558; x_wconf 89' lang='lat' dir='ltr'><strong>quibus</strong></span> <span class='ocrx_word' id='word_1_23' title='bbox 545 477 637 538; x_wconf 89' lang='lat' dir='ltr'><strong>crant</strong></span> <span class='ocrx_word' id='word_1_24' title='bbox 662 472 820 558; x_wconf 80' lang='lat' dir='ltr'><strong>imagines</strong></span> <span class='ocrx_word' id='word_1_25' title='bbox 844 469 975 546; x_wconf 79' lang='lat' dir='ltr'><strong>Siciliae</strong></span> <span class='ocrx_word' id='word_1_26' title='bbox 996 494 1109 558; x_wconf 83' lang='lat' dir='ltr'><strong>regum</strong></span> <span class='ocrx_word' id='word_1_27' title='bbox 1127 493 1158 536; x_wconf 87' lang='lat' dir='ltr'><strong>ac</strong></span> 
     </span>
     <span class='ocr_line' id='line_1_5' title="bbox 162 560 1159 647; baseline -0.005 -20"><span class='ocrx_word' id='word_1_28' title='bbox 162 566 391 647; x_wconf 82' lang='lat' dir='ltr'><strong>tyrannorum,</strong></span> <span class='ocrx_word' id='word_1_29' title='bbox 422 583 505 646; x_wconf 86' lang='lat' dir='ltr'><strong>quae</strong></span> <span class='ocrx_word' id='word_1_30' title='bbox 535 582 602 629; x_wconf 86' lang='lat' dir='ltr'><strong>non</strong></span> <span class='ocrx_word' id='word_1_31' title='bbox 629 561 737 626; x_wconf 91' lang='lat' dir='ltr'><strong>solum</strong></span> <span class='ocrx_word' id='word_1_32' title='bbox 764 561 928 646; x_wconf 78' lang='lat' dir='ltr'><strong>pictorum</strong></span> <span class='ocrx_word' id='word_1_33' title='bbox 954 560 1092 626; x_wconf 85' lang='lat' dir='ltr'><strong>artificio</strong></span> <span class='ocrx_word' id='word_1_34' title='bbox 1117 560 1159 624; x_wconf 83' lang='lat' dir='ltr'><strong>de</strong></span> 
     </span>
     <span class='ocr_line' id='line_1_6' title="bbox 163 648 1179 735; baseline -0.003 -20"><span class='ocrx_word' id='word_1_35' title='bbox 163 651 343 735; x_wconf 81' lang='lat' dir='ltr'><strong>lactabant,</strong></span> <span class='ocrx_word' id='word_1_36' title='bbox 379 649 436 716; x_wconf 83' lang='lat' dir='ltr'><strong>sed</strong></span> <span class='ocrx_word' id='word_1_37' title='bbox 468 649 568 716; x_wconf 89' lang='lat' dir='ltr'><strong>etiam</strong></span> <span class='ocrx_word' id='word_1_38' title='bbox 597 649 906 723; x_wconf 81' lang='lat' dir='ltr'><strong>commemoratione</strong></span> <span class='ocrx_word' id='word_1_39' title='bbox 937 648 1106 716; x_wconf 91' lang='lat' dir='ltr'><strong>hominum</strong></span> <span class='ocrx_word' id='word_1_40' title='bbox 1134 653 1179 714; x_wconf 77' lang='lat' dir='ltr'><strong>en</strong></span> 
     </span>
     <span class='ocr_line' id='line_1_7' title="bbox 164 735 1161 826; baseline -0.006 -20"><span class='ocrx_word' id='word_1_41' title='bbox 164 739 350 826; x_wconf 81' lang='lat' dir='ltr'><strong>cognitione</strong></span> <span class='ocrx_word' id='word_1_42' title='bbox 367 737 557 804; x_wconf 87' lang='lat' dir='ltr'><strong>formarum.</strong></span> <span class='ocrx_word' id='word_1_43' title='bbox 597 735 646 803; x_wconf 86' lang='lat' dir='ltr'><strong>Ac</strong></span> <span class='ocrx_word' id='word_1_44' title='bbox 668 737 789 820; x_wconf 83' lang='lat' dir='ltr'><strong>videte,</strong></span> <span class='ocrx_word' id='word_1_45' title='bbox 812 741 936 822; x_wconf 81' lang='lat' dir='ltr'><strong>quanto</strong></span> <span class='ocrx_word' id='word_1_46' title='bbox 960 737 1098 804; x_wconf 83' lang='lat' dir='ltr'><strong>taetrior</strong></span> <span class='ocrx_word' id='word_1_47' title='bbox 1117 737 1161 800; x_wconf 92' lang='lat' dir='ltr'><strong>hic</strong></span> 
     </span>
     <span class='ocr_line' id='line_1_8' title="bbox 164 823 1161 912; baseline -0.003 -19"><span class='ocrx_word' id='word_1_48' title='bbox 164 832 321 910; x_wconf 85' lang='lat' dir='ltr'><strong>tyrannus</strong></span> <span class='ocrx_word' id='word_1_49' title='bbox 345 823 556 910; x_wconf 81' lang='lat' dir='ltr'><strong>Syracusanis</strong></span> <span class='ocrx_word' id='word_1_50' title='bbox 585 825 684 897; x_wconf 86' lang='lat' dir='ltr'><strong>fuerit</strong></span> <span class='ocrx_word' id='word_1_51' title='bbox 712 847 809 910; x_wconf 87' lang='lat' dir='ltr'><strong>quam</strong></span> <span class='ocrx_word' id='word_1_52' title='bbox 833 825 1008 910; x_wconf 85' lang='lat' dir='ltr'><strong>quisquam</strong></span> <span class='ocrx_word' id='word_1_53' title='bbox 1032 825 1161 912; x_wconf 88' lang='lat' dir='ltr'><strong>superio·</strong></span> 
     </span>
     <span class='ocr_line' id='line_1_9' title="bbox 163 913 1162 998; baseline -0.001 -19"><span class='ocrx_word' id='word_1_54' title='bbox 163 937 236 979; x_wconf 89' lang='lat' dir='ltr'><strong>rum</strong></span> <span class='ocrx_word' id='word_1_55' title='bbox 254 936 424 998; x_wconf 77' lang='lat' dir='ltr'><strong>umqnsm3</strong></span> <span class='ocrx_word' id='word_1_56' title='bbox 446 915 497 982; x_wconf 92' lang='lat' dir='ltr'><strong>illi</strong></span> <span class='ocrx_word' id='word_1_57' title='bbox 515 919 626 982; x_wconf 87' lang='lat' dir='ltr'><strong>tamen</strong></span> <span class='ocrx_word' id='word_1_58' title='bbox 644 918 801 980; x_wconf 76' lang='lat' dir='ltr'><strong>ornarunt</strong></span> <span class='ocrx_word' id='word_1_59' title='bbox 819 913 945 998; x_wconf 77' lang='lat' dir='ltr'><strong>templa</strong></span> <span class='ocrx_word' id='word_1_60' title='bbox 964 913 1099 983; x_wconf 85' lang='lat' dir='ltr'><strong>deorum</strong></span> <span class='ocrx_word' id='word_1_61' title='bbox 1115 915 1162 978; x_wconf 89' lang='lat' dir='ltr'><strong>im·</strong></span> 
     </span>
     <span class='ocr_line' id='line_1_10' title="bbox 164 1002 1162 1091; baseline -0.004 -21"><span class='ocrx_word' id='word_1_62' title='bbox 164 1002 362 1087; x_wconf 89' lang='lat' dir='ltr'><strong>mortalium,</strong></span> <span class='ocrx_word' id='word_1_63' title='bbox 384 1003 438 1071; x_wconf 87' lang='lat' dir='ltr'><strong>hic</strong></span> <span class='ocrx_word' id='word_1_64' title='bbox 456 1002 555 1068; x_wconf 84' lang='lat' dir='ltr'><strong>etiam</strong></span> <span class='ocrx_word' id='word_1_65' title='bbox 573 1003 706 1069; x_wconf 89' lang='lat' dir='ltr'><strong>illomm</strong></span> <span class='ocrx_word' id='word_1_66' title='bbox 728 1005 939 1074; x_wconf 87' lang='lat' dir='ltr'><strong>monumenta</strong></span> <span class='ocrx_word' id='word_1_67' title='bbox 958 1007 1061 1091; x_wconf 79' lang='lat' dir='ltr'><strong>atquc</strong></span> <span class='ocrx_word' id='word_1_68' title='bbox 1084 1023 1162 1068; x_wconf 86' lang='lat' dir='ltr'><strong>orm·</strong></span> 
     </span>
     <span class='ocr_line' id='line_1_11' title="bbox 165 1092 1190 1159; baseline -0.005 -2"><span class='ocrx_word' id='word_1_69' title='bbox 165 1095 275 1157; x_wconf 89' lang='lat' dir='ltr'><strong>menta</strong></span> <span class='ocrx_word' id='word_1_70' title='bbox 298 1092 441 1159; x_wconf 87' lang='lat' dir='ltr'><strong>sustulit.</strong></span> <span class='ocrx_word' id='word_1_71' title='bbox 1174 1105 1190 1144; x_wconf 78' lang='lat' dir='ltr'><strong>c</strong></span> 
     </span>
    </p>

    <p class='ocr_par' dir='ltr' id='par_1_3' title="bbox 112 1150 1163 1276">
     <span class='ocr_line' id='line_1_12' title="bbox 112 1150 1163 1276; baseline -0.002 -32"><span class='ocrx_word' id='word_1_72' title='bbox 112 1150 165 1276; x_wconf 51' lang='lat' dir='ltr'><strong>ff,</strong></span> <span class='ocrx_word' id='word_1_73' title='bbox 230 1179 301 1246; x_wconf 90' lang='lat' dir='ltr'><strong>Iam</strong></span> <span class='ocrx_word' id='word_1_74' title='bbox 319 1201 396 1246; x_wconf 89' lang='lat' dir='ltr'><strong>vero</strong></span> <span class='ocrx_word' id='word_1_75' title='bbox 415 1179 492 1264; x_wconf 89' lang='lat' dir='ltr'><strong>quid</strong></span> <span class='ocrx_word' id='word_1_76' title='bbox 511 1199 573 1263; x_wconf 80' lang='lat' dir='ltr'><strong>ego</strong></span> <span class='ocrx_word' id='word_1_77' title='bbox 594 1177 633 1243; x_wconf 86' lang='lat' dir='ltr'><strong>de</strong></span> <span class='ocrx_word' id='word_1_78' title='bbox 655 1177 761 1244; x_wconf 82' lang='lat' dir='ltr'><strong>valvis</strong></span> <span class='ocrx_word' id='word_1_79' title='bbox 783 1177 873 1244; x_wconf 87' lang='lat' dir='ltr'><strong>illius</strong></span> <span class='ocrx_word' id='word_1_80' title='bbox 896 1179 1016 1265; x_wconf 80' lang='lat' dir='ltr'><strong>templi</strong></span> <span class='ocrx_word' id='word_1_81' title='bbox 1040 1200 1163 1246; x_wconf 89' lang='lat' dir='ltr'><strong>commc-</strong></span> 
     </span>
    </p>

    <p class='ocr_par' dir='ltr' id='par_1_4' title="bbox 52 1266 1196 3375">
     <span class='ocr_line' id='line_1_13' title="bbox 52 1266 1164 1352; baseline -0.002 -18"><span class='ocrx_word' id='word_1_82' title='bbox 52 1314 54 1316; x_wconf 93' lang='lat'>-</span> <span class='ocrx_word' id='word_1_83' title='bbox 165 1269 311 1334; x_wconf 82' lang='lat' dir='ltr'><strong>morem?</strong></span> <span class='ocrx_word' id='word_1_84' title='bbox 351 1267 487 1350; x_wconf 87' lang='lat' dir='ltr'><strong>Vereor,</strong></span> <span class='ocrx_word' id='word_1_85' title='bbox 513 1288 568 1351; x_wconf 88' lang='lat' dir='ltr'><strong>ne,</strong></span> <span class='ocrx_word' id='word_1_86' title='bbox 594 1266 674 1332; x_wconf 89' lang='lat' dir='ltr'><strong>haec</strong></span> <span class='ocrx_word' id='word_1_87' title='bbox 702 1267 757 1351; x_wconf 91' lang='lat' dir='ltr'><strong>qui</strong></span> <span class='ocrx_word' id='word_1_88' title='bbox 785 1287 851 1333; x_wconf 92' lang='lat' dir='ltr'><strong>non</strong></span> <span class='ocrx_word' id='word_1_89' title='bbox 873 1266 1041 1352; x_wconf 83' lang='lat' dir='ltr'><strong>viderunt,</strong></span> <span class='ocrx_word' id='word_1_90' title='bbox 1069 1268 1164 1334; x_wconf 86' lang='lat' dir='ltr'><strong>omnia</strong></span> 
     </span>
     <span class='ocr_line' id='line_1_14' title="bbox 164 1354 1165 1441; baseline -0.004 -19"><span class='ocrx_word' id='word_1_91' title='bbox 164 1357 328 1422; x_wconf 87' lang='lat' dir='ltr'><strong>menimis</strong></span> <span class='ocrx_word' id='word_1_92' title='bbox 343 1377 462 1441; x_wconf 84' lang='lat' dir='ltr'><strong>augere</strong></span> <span class='ocrx_word' id='word_1_93' title='bbox 477 1359 574 1438; x_wconf 88' lang='lat' dir='ltr'><strong>atque</strong></span> <span class='ocrx_word' id='word_1_94' title='bbox 591 1376 707 1429; x_wconf 85' lang='lat' dir='ltr'><strong>ornare</strong></span> <span class='ocrx_word' id='word_1_95' title='bbox 725 1354 939 1438; x_wconf 83' lang='lat' dir='ltr'><strong>arbitrentur3</strong></span> <span class='ocrx_word' id='word_1_96' title='bbox 959 1357 1050 1440; x_wconf 89' lang='lat' dir='ltr'><strong>quod</strong></span> <span class='ocrx_word' id='word_1_97' title='bbox 1067 1361 1165 1422; x_wconf 85' lang='lat' dir='ltr'><strong>tamen</strong></span> 
     </span>
     <span class='ocr_line' id='line_1_15' title="bbox 164 1443 1165 1530; baseline -0.003 -22"><span class='ocrx_word' id='word_1_98' title='bbox 164 1466 260 1509; x_wconf 86' lang='lat' dir='ltr'><strong>nemo</strong></span> <span class='ocrx_word' id='word_1_99' title='bbox 288 1444 446 1528; x_wconf 86' lang='lat' dir='ltr'><strong>suspicari</strong></span> <span class='ocrx_word' id='word_1_100' title='bbox 474 1444 581 1528; x_wconf 90' lang='lat' dir='ltr'><strong>debet,</strong></span> <span class='ocrx_word' id='word_1_101' title='bbox 608 1447 677 1511; x_wconf 85' lang='lat' dir='ltr'><strong>tam</strong></span> <span class='ocrx_word' id='word_1_102' title='bbox 700 1464 771 1508; x_wconf 87' lang='lat' dir='ltr'><strong>esse</strong></span> <span class='ocrx_word' id='word_1_103' title='bbox 794 1464 845 1510; x_wconf 89' lang='lat' dir='ltr'><strong>mc</strong></span> <span class='ocrx_word' id='word_1_104' title='bbox 869 1443 1041 1530; x_wconf 87' lang='lat' dir='ltr'><strong>cupidum,</strong></span> <span class='ocrx_word' id='word_1_105' title='bbox 1067 1449 1103 1512; x_wconf 91' lang='lat' dir='ltr'><strong>ut</strong></span> <span class='ocrx_word' id='word_1_106' title='bbox 1123 1448 1165 1510; x_wconf 86' lang='lat' dir='ltr'><strong>tot</strong></span> 
     </span>
     <span class='ocr_line' id='line_1_16' title="bbox 164 1530 1193 1616; baseline 0 -20"><span class='ocrx_word' id='word_1_107' title='bbox 164 1533 252 1598; x_wconf 81' lang='lat' dir='ltr'><strong>viros</strong></span> <span class='ocrx_word' id='word_1_108' title='bbox 271 1531 444 1616; x_wconf 89' lang='lat' dir='ltr'><strong>primarios</strong></span> <span class='ocrx_word' id='word_1_109' title='bbox 463 1531 572 1616; x_wconf 81' lang='lat' dir='ltr'><strong>uelim,</strong></span> <span class='ocrx_word' id='word_1_110' title='bbox 593 1531 787 1616; x_wconf 87' lang='lat' dir='ltr'><strong>praesertim</strong></span> <span class='ocrx_word' id='word_1_111' title='bbox 806 1553 844 1596; x_wconf 83' lang='lat' dir='ltr'><strong>ex</strong></span> <span class='ocrx_word' id='word_1_112' title='bbox 864 1530 1010 1606; x_wconf 83' lang='lat' dir='ltr'><strong>indicum</strong></span> <span class='ocrx_word' id='word_1_113' title='bbox 1032 1545 1193 1612; x_wconf 62' lang='lat' dir='ltr'><strong>numerat</strong></span> 
     </span>
     <span class='ocr_line' id='line_1_17' title="bbox 166 1617 1165 1704; baseline -0.003 -17"><span class='ocrx_word' id='word_1_114' title='bbox 166 1619 222 1704; x_wconf 92' lang='lat' dir='ltr'><strong>qui</strong></span> <span class='ocrx_word' id='word_1_115' title='bbox 245 1617 411 1704; x_wconf 79' lang='lat' dir='ltr'><strong>Syrasusis</strong></span> <span class='ocrx_word' id='word_1_116' title='bbox 433 1619 569 1704; x_wconf 88' lang='lat' dir='ltr'><strong>fuerint,</strong></span> <span class='ocrx_word' id='word_1_117' title='bbox 595 1620 651 1704; x_wconf 92' lang='lat' dir='ltr'><strong>qui</strong></span> <span class='ocrx_word' id='word_1_118' title='bbox 672 1619 753 1685; x_wconf 83' lang='lat' dir='ltr'><strong>baec</strong></span> <span class='ocrx_word' id='word_1_119' title='bbox 775 1619 929 1704; x_wconf 85' lang='lat' dir='ltr'><strong>viderint,</strong></span> <span class='ocrx_word' id='word_1_120' title='bbox 952 1642 1027 1703; x_wconf 74' lang='lat' dir='ltr'><strong>esse</strong></span> <span class='ocrx_word' id='word_1_121' title='bbox 1048 1620 1165 1690; x_wconf 88' lang='lat' dir='ltr'><strong>temeri-</strong></span> 
     </span>
     <span class='ocr_line' id='line_1_18' title="bbox 165 1705 1166 1795; baseline -0.001 -22"><span class='ocrx_word' id='word_1_122' title='bbox 165 1708 229 1774; x_wconf 86' lang='lat' dir='ltr'><strong>tati</strong></span> <span class='ocrx_word' id='word_1_123' title='bbox 243 1712 276 1774; x_wconf 89' lang='lat' dir='ltr'><strong>et</strong></span> <span class='ocrx_word' id='word_1_124' title='bbox 289 1707 456 1782; x_wconf 85' lang='lat' dir='ltr'><strong>mendacio</strong></span> <span class='ocrx_word' id='word_1_125' title='bbox 471 1730 542 1774; x_wconf 90' lang='lat' dir='ltr'><strong>meo</strong></span> <span class='ocrx_word' id='word_1_126' title='bbox 557 1707 711 1774; x_wconf 86' lang='lat' dir='ltr'><strong>conscios.</strong></span> <span class='ocrx_word' id='word_1_127' title='bbox 741 1705 942 1776; x_wconf 76' lang='lat' dir='ltr'><strong>Confirmata</strong></span> <span class='ocrx_word' id='word_1_128' title='bbox 960 1709 1026 1776; x_wconf 91' lang='lat' dir='ltr'><strong>hoc</strong></span> <span class='ocrx_word' id='word_1_129' title='bbox 1045 1709 1166 1795; x_wconf 88' lang='lat' dir='ltr'><strong>liquido,</strong></span> 
     </span>
     <span class='ocr_line' id='line_1_19' title="bbox 165 1795 1165 1883; baseline -0.002 -21"><span class='ocrx_word' id='word_1_130' title='bbox 165 1798 295 1883; x_wconf 85' lang='lat' dir='ltr'><strong>iudices,</strong></span> <span class='ocrx_word' id='word_1_131' title='bbox 313 1819 457 1883; x_wconf 89' lang='lat' dir='ltr'><strong>possum,</strong></span> <span class='ocrx_word' id='word_1_132' title='bbox 475 1797 587 1866; x_wconf 80' lang='lat' dir='ltr'><strong>vulvas</strong></span> <span class='ocrx_word' id='word_1_133' title='bbox 601 1795 906 1882; x_wconf 76' lang='lat' dir='ltr'><strong>magnificentiores,</strong></span> <span class='ocrx_word' id='word_1_134' title='bbox 924 1818 965 1861; x_wconf 86' lang='lat' dir='ltr'><strong>ex</strong></span> <span class='ocrx_word' id='word_1_135' title='bbox 978 1821 1062 1864; x_wconf 87' lang='lat' dir='ltr'><strong>auro</strong></span> <span class='ocrx_word' id='word_1_136' title='bbox 1080 1802 1165 1882; x_wconf 84' lang='lat' dir='ltr'><strong>ctquc</strong></span> 
     </span>
     <span class='ocr_line' id='line_1_20' title="bbox 166 1885 1165 1971; baseline -0.003 -19"><span class='ocrx_word' id='word_1_137' title='bbox 166 1887 264 1952; x_wconf 90' lang='lat' dir='ltr'><strong>ebore</strong></span> <span class='ocrx_word' id='word_1_138' title='bbox 297 1885 520 1971; x_wconf 81' lang='lat' dir='ltr'><strong>perfectiores,</strong></span> <span class='ocrx_word' id='word_1_139' title='bbox 555 1885 664 1950; x_wconf 88' lang='lat' dir='ltr'><strong>nullas</strong></span> <span class='ocrx_word' id='word_1_140' title='bbox 695 1907 850 1969; x_wconf 86' lang='lat' dir='ltr'><strong>umquam</strong></span> <span class='ocrx_word' id='word_1_141' title='bbox 881 1885 952 1950; x_wconf 92' lang='lat' dir='ltr'><strong>ullo</strong></span> <span class='ocrx_word' id='word_1_142' title='bbox 984 1885 1021 1955; x_wconf 88' lang='lat' dir='ltr'><strong>in</strong></span> <span class='ocrx_word' id='word_1_143' title='bbox 1053 1886 1165 1970; x_wconf 85' lang='lat' dir='ltr'><strong>templo</strong></span> 
     </span>
     <span class='ocr_line' id='line_1_21' title="bbox 165 1973 1195 2058; baseline -0.003 -20"><span class='ocrx_word' id='word_1_144' title='bbox 165 1973 276 2043; x_wconf 88' lang='lat' dir='ltr'><strong>fuisse.</strong></span> <span class='ocrx_word' id='word_1_145' title='bbox 320 1973 514 2045; x_wconf 85' lang='lat' dir='ltr'><strong>Incredibile</strong></span> <span class='ocrx_word' id='word_1_146' title='bbox 534 1974 629 2040; x_wconf 83' lang='lat' dir='ltr'><strong>-dictu</strong></span> <span class='ocrx_word' id='word_1_147' title='bbox 657 1976 720 2057; x_wconf 88' lang='lat' dir='ltr'><strong>est,</strong></span> <span class='ocrx_word' id='word_1_148' title='bbox 747 1995 845 2058; x_wconf 86' lang='lat' dir='ltr'><strong>quam</strong></span> <span class='ocrx_word' id='word_1_149' title='bbox 871 1973 972 2044; x_wconf 89' lang='lat' dir='ltr'><strong>multi</strong></span> <span class='ocrx_word' id='word_1_150' title='bbox 994 1973 1195 2041; x_wconf 68' lang='lat' dir='ltr'><strong>Graeciam</strong></span> 
     </span>
     <span class='ocr_line' id='line_1_22' title="bbox 165 2060 1166 2148; baseline -0.002 -22"><span class='ocrx_word' id='word_1_151' title='bbox 165 2062 283 2128; x_wconf 88' lang='lat' dir='ltr'><strong>harum</strong></span> <span class='ocrx_word' id='word_1_152' title='bbox 309 2063 483 2138; x_wconf 78' lang='lat' dir='ltr'><strong>-valvsrum</strong></span> <span class='ocrx_word' id='word_1_153' title='bbox 514 2060 754 2147; x_wconf 86' lang='lat' dir='ltr'><strong>pulchritudine</strong></span> <span class='ocrx_word' id='word_1_154' title='bbox 786 2061 943 2146; x_wconf 84' lang='lat' dir='ltr'><strong>scriptum</strong></span> <span class='ocrx_word' id='word_1_155' title='bbox 973 2063 1166 2148; x_wconf 89' lang='lat' dir='ltr'><strong>reliquerint.</strong></span> 
     </span>
     <span class='ocr_line' id='line_1_23' title="bbox 165 2147 1165 2234; baseline 0.001 -21"><span class='ocrx_word' id='word_1_156' title='bbox 165 2147 312 2214; x_wconf 89' lang='lat' dir='ltr'><strong>Nimium</strong></span> <span class='ocrx_word' id='word_1_157' title='bbox 343 2149 483 2218; x_wconf 79' lang='lat' dir='ltr'><strong>forsitan</strong></span> <span class='ocrx_word' id='word_1_158' title='bbox 514 2151 594 2216; x_wconf 86' lang='lat' dir='ltr'><strong>hacc</strong></span> <span class='ocrx_word' id='word_1_159' title='bbox 624 2149 677 2214; x_wconf 91' lang='lat' dir='ltr'><strong>illi</strong></span> <span class='ocrx_word' id='word_1_160' title='bbox 708 2149 865 2220; x_wconf 82' lang='lat' dir='ltr'><strong>mirentur</strong></span> <span class='ocrx_word' id='word_1_161' title='bbox 896 2153 995 2234; x_wconf 87' lang='lat' dir='ltr'><strong>atque</strong></span> <span class='ocrx_word' id='word_1_162' title='bbox 1027 2153 1165 2231; x_wconf 72' lang='lat' dir='ltr'><strong>efferant,</strong></span> 
     </span>
     <span class='ocr_line' id='line_1_24' title="bbox 167 2238 1166 2324; baseline 0.005 -25"><span class='ocrx_word' id='word_1_163' title='bbox 167 2239 251 2320; x_wconf 83' lang='lat' dir='ltr'><strong>est03</strong></span> <span class='ocrx_word' id='word_1_164' title='bbox 273 2258 385 2302; x_wconf 81' lang='lat' dir='ltr'><strong>uerum</strong></span> <span class='ocrx_word' id='word_1_165' title='bbox 404 2241 515 2314; x_wconf 82' lang='lat' dir='ltr'><strong>tamen</strong></span> <span class='ocrx_word' id='word_1_166' title='bbox 532 2238 700 2304; x_wconf 85' lang='lat' dir='ltr'><strong>honestius</strong></span> <span class='ocrx_word' id='word_1_167' title='bbox 719 2241 770 2304; x_wconf 87' lang='lat' dir='ltr'><strong>est</strong></span> <span class='ocrx_word' id='word_1_168' title='bbox 789 2238 838 2305; x_wconf 89' lang='lat' dir='ltr'><strong>rei</strong></span> <span class='ocrx_word' id='word_1_169' title='bbox 859 2239 1012 2324; x_wconf 86' lang='lat' dir='ltr'><strong>publicae</strong></span> <span class='ocrx_word' id='word_1_170' title='bbox 1035 2243 1166 2320; x_wconf 88' lang='lat' dir='ltr'><strong>nostrae,</strong></span> 
     </span>
     <span class='ocr_line' id='line_1_25' title="bbox 165 2324 1165 2414; baseline 0.003 -26"><span class='ocrx_word' id='word_1_171' title='bbox 165 2324 296 2409; x_wconf 79' lang='lat' dir='ltr'><strong>iudices,</strong></span> <span class='ocrx_word' id='word_1_172' title='bbox 319 2346 367 2409; x_wconf 89' lang='lat' dir='ltr'><strong>ca,</strong></span> <span class='ocrx_word' id='word_1_173' title='bbox 390 2348 471 2409; x_wconf 89' lang='lat' dir='ltr'><strong>quae</strong></span> <span class='ocrx_word' id='word_1_174' title='bbox 489 2326 557 2392; x_wconf 88' lang='lat' dir='ltr'><strong>illis</strong></span> <span class='ocrx_word' id='word_1_175' title='bbox 580 2326 717 2410; x_wconf 84' lang='lat' dir='ltr'><strong>pulchra</strong></span> <span class='ocrx_word' id='word_1_176' title='bbox 740 2347 810 2392; x_wconf 88' lang='lat' dir='ltr'><strong>esse</strong></span> <span class='ocrx_word' id='word_1_177' title='bbox 833 2326 1016 2413; x_wconf 80' lang='lat' dir='ltr'><strong>rideantur,</strong></span> <span class='ocrx_word' id='word_1_178' title='bbox 1039 2329 1165 2414; x_wconf 82' lang='lat' dir='ltr'><strong>imperc-</strong></span> 
     </span>
     <span class='ocr_line' id='line_1_26' title="bbox 167 2414 1195 2501; baseline 0.003 -24"><span class='ocrx_word' id='word_1_179' title='bbox 167 2416 272 2478; x_wconf 89' lang='lat' dir='ltr'><strong>torem</strong></span> <span class='ocrx_word' id='word_1_180' title='bbox 288 2418 439 2481; x_wconf 87' lang='lat' dir='ltr'><strong>nostrum</strong></span> <span class='ocrx_word' id='word_1_181' title='bbox 457 2415 492 2480; x_wconf 90' lang='lat' dir='ltr'><strong>in</strong></span> <span class='ocrx_word' id='word_1_182' title='bbox 509 2415 596 2482; x_wconf 90' lang='lat' dir='ltr'><strong>bello</strong></span> <span class='ocrx_word' id='word_1_183' title='bbox 615 2414 786 2498; x_wconf 79' lang='lat' dir='ltr'><strong>reliquisse</strong></span> <span class='ocrx_word' id='word_1_184' title='bbox 810 2437 907 2498; x_wconf 89' lang='lat' dir='ltr'><strong>quam</strong></span> <span class='ocrx_word' id='word_1_185' title='bbox 927 2420 1117 2501; x_wconf 80' lang='lat' dir='ltr'><strong>praetorem</strong></span> <span class='ocrx_word' id='word_1_186' title='bbox 1137 2416 1195 2480; x_wconf 70' lang='lat' dir='ltr'><strong>inc</strong></span> 
     </span>
     <span class='ocr_line' id='line_1_27' title="bbox 167 2501 1166 2590; baseline 0.005 -22"><span class='ocrx_word' id='word_1_187' title='bbox 167 2523 246 2587; x_wconf 89' lang='lat' dir='ltr'><strong>pace</strong></span> <span class='ocrx_word' id='word_1_188' title='bbox 261 2503 444 2568; x_wconf 86' lang='lat' dir='ltr'><strong>abstulisse.</strong></span> <span class='ocrx_word' id='word_1_189' title='bbox 475 2501 526 2567; x_wconf 82' lang='lat' dir='ltr'><strong>Ex</strong></span> <span class='ocrx_word' id='word_1_190' title='bbox 540 2503 636 2568; x_wconf 88' lang='lat' dir='ltr'><strong>ebore</strong></span> <span class='ocrx_word' id='word_1_191' title='bbox 651 2502 900 2588; x_wconf 79' lang='lat' dir='ltr'><strong>diligentissime</strong></span> <span class='ocrx_word' id='word_1_192' title='bbox 912 2504 1064 2588; x_wconf 83' lang='lat' dir='ltr'><strong>perfecta</strong></span> <span class='ocrx_word' id='word_1_193' title='bbox 1082 2525 1166 2590; x_wconf 78' lang='lat' dir='ltr'><strong>argu·</strong></span> 
     </span>
     <span class='ocr_line' id='line_1_28' title="bbox 167 2591 1165 2674; baseline 0.003 -17"><span class='ocrx_word' id='word_1_194' title='bbox 167 2594 278 2659; x_wconf 87' lang='lat' dir='ltr'><strong>menta</strong></span> <span class='ocrx_word' id='word_1_195' title='bbox 304 2594 397 2659; x_wconf 89' lang='lat' dir='ltr'><strong>erant</strong></span> <span class='ocrx_word' id='word_1_196' title='bbox 423 2591 458 2656; x_wconf 91' lang='lat' dir='ltr'><strong>in</strong></span> <span class='ocrx_word' id='word_1_197' title='bbox 479 2591 597 2674; x_wconf 79' lang='lat' dir='ltr'><strong>valvis3</strong></span> <span class='ocrx_word' id='word_1_198' title='bbox 621 2612 663 2657; x_wconf 88' lang='lat' dir='ltr'><strong>ea</strong></span> <span class='ocrx_word' id='word_1_199' title='bbox 685 2591 885 2659; x_wconf 81' lang='lat' dir='ltr'><strong>detrahenda</strong></span> <span class='ocrx_word' id='word_1_200' title='bbox 899 2593 1036 2660; x_wconf 78' lang='lat' dir='ltr'><strong>¹curavit</strong></span> <span class='ocrx_word' id='word_1_201' title='bbox 1059 2592 1165 2660; x_wconf 83' lang='lat' dir='ltr'><strong>omnia</strong></span> 
     </span>
     <span class='ocr_line' id='line_1_29' title="bbox 168 2677 1166 2766; baseline -0.002 -23"><span class='ocrx_word' id='word_1_202' title='bbox 168 2677 331 2764; x_wconf 84' lang='lat' dir='ltr'><strong>Gorgonis</strong></span> <span class='ocrx_word' id='word_1_203' title='bbox 358 2699 394 2744; x_wconf 90' lang='lat' dir='ltr'><strong>os</strong></span> <span class='ocrx_word' id='word_1_204' title='bbox 420 2679 673 2763; x_wconf 87' lang='lat' dir='ltr'><strong>pulcherrimum</strong></span> <span class='ocrx_word' id='word_1_205' title='bbox 696 2679 838 2750; x_wconf 88' lang='lat' dir='ltr'><strong>cinctum</strong></span> <span class='ocrx_word' id='word_1_206' title='bbox 859 2681 1023 2766; x_wconf 80' lang='lat' dir='ltr'><strong>anguibus</strong></span> <span class='ocrx_word' id='word_1_207' title='bbox 1047 2679 1166 2752; x_wconf 88' lang='lat' dir='ltr'><strong>revellit</strong></span> 
     </span>
     <span class='ocr_line' id='line_1_30' title="bbox 168 2766 1165 2850; baseline 0.002 -16"><span class='ocrx_word' id='word_1_208' title='bbox 168 2771 265 2850; x_wconf 89' lang='lat' dir='ltr'><strong>atque</strong></span> <span class='ocrx_word' id='word_1_209' title='bbox 278 2766 430 2850; x_wconf 80' lang='lat' dir='ltr'><strong>abstulit,</strong></span> <span class='ocrx_word' id='word_1_210' title='bbox 452 2771 486 2834; x_wconf 91' lang='lat' dir='ltr'><strong>et</strong></span> <span class='ocrx_word' id='word_1_211' title='bbox 508 2771 619 2834; x_wconf 78' lang='lat' dir='ltr'><strong>temen</strong></span> <span class='ocrx_word' id='word_1_212' title='bbox 641 2766 796 2836; x_wconf 87' lang='lat' dir='ltr'><strong>indicavit</strong></span> <span class='ocrx_word' id='word_1_213' title='bbox 820 2789 854 2832; x_wconf 90' lang='lat' dir='ltr'><strong>se</strong></span> <span class='ocrx_word' id='word_1_214' title='bbox 875 2790 944 2834; x_wconf 91' lang='lat' dir='ltr'><strong>non</strong></span> <span class='ocrx_word' id='word_1_215' title='bbox 965 2770 1076 2845; x_wconf 83' lang='lat' dir='ltr'><strong>solum</strong></span> <span class='ocrx_word' id='word_1_216' title='bbox 1099 2767 1165 2836; x_wconf 86' lang='lat' dir='ltr'><strong>arti·</strong></span> 
     </span>
     <span class='ocr_line' id='line_1_31' title="bbox 167 2855 1196 2940; baseline 0.002 -20"><span class='ocrx_word' id='word_1_217' title='bbox 167 2855 254 2939; x_wconf 87' lang='lat' dir='ltr'><strong>ficio,</strong></span> <span class='ocrx_word' id='word_1_218' title='bbox 279 2855 338 2923; x_wconf 83' lang='lat' dir='ltr'><strong>sed</strong></span> <span class='ocrx_word' id='word_1_219' title='bbox 365 2855 464 2923; x_wconf 89' lang='lat' dir='ltr'><strong>etiam</strong></span> <span class='ocrx_word' id='word_1_220' title='bbox 491 2855 597 2938; x_wconf 87' lang='lat' dir='ltr'><strong>pretio</strong></span> <span class='ocrx_word' id='word_1_221' title='bbox 626 2859 825 2939; x_wconf 77' lang='lat' dir='ltr'><strong>quaestuque</strong></span> <span class='ocrx_word' id='word_1_222' title='bbox 853 2856 937 2940; x_wconf 81' lang='lat' dir='ltr'><strong>duci3</strong></span> <span class='ocrx_word' id='word_1_223' title='bbox 964 2879 1042 2925; x_wconf 90' lang='lat' dir='ltr'><strong>nam</strong></span> <span class='ocrx_word' id='word_1_224' title='bbox 1066 2859 1196 2923; x_wconf 73' lang='lat' dir='ltr'><strong>bullare</strong></span> 
     </span>
     <span class='ocr_line' id='line_1_32' title="bbox 168 2942 1165 3027; baseline -0.001 -19"><span class='ocrx_word' id='word_1_225' title='bbox 168 2965 283 3008; x_wconf 85' lang='lat' dir='ltr'><strong>aureas</strong></span> <span class='ocrx_word' id='word_1_226' title='bbox 315 2965 426 3008; x_wconf 87' lang='lat' dir='ltr'><strong>omnes</strong></span> <span class='ocrx_word' id='word_1_227' title='bbox 457 2964 498 3006; x_wconf 83' lang='lat' dir='ltr'><strong>ex</strong></span> <span class='ocrx_word' id='word_1_228' title='bbox 528 2943 569 3008; x_wconf 88' lang='lat' dir='ltr'><strong>iis</strong></span> <span class='ocrx_word' id='word_1_229' title='bbox 601 2942 719 3027; x_wconf 83' lang='lat' dir='ltr'><strong>valvis,</strong></span> <span class='ocrx_word' id='word_1_230' title='bbox 751 2965 833 3027; x_wconf 87' lang='lat' dir='ltr'><strong>quac</strong></span> <span class='ocrx_word' id='word_1_231' title='bbox 865 2948 959 3016; x_wconf 85' lang='lat' dir='ltr'><strong>erant</strong></span> <span class='ocrx_word' id='word_1_232' title='bbox 990 2947 1113 3017; x_wconf 71' lang='lat' dir='ltr'><strong>multae</strong></span> <span class='ocrx_word' id='word_1_233' title='bbox 1138 2947 1165 3008; x_wconf 89' lang='lat' dir='ltr'><strong>et</strong></span> 
     </span>
     <span class='ocr_line' id='line_1_33' title="bbox 168 3030 1165 3205; baseline 0.004 -23"><span class='ocrx_word' id='word_1_234' title='bbox 168 3030 1165 3205; x_wconf 48' lang='lat' dir='ltr'><strong>illaturi‘¹¹2¹3{talliettmrcttlultttsntlt</strong></span> 
     </span>
     <span class='ocr_line' id='line_1_34' title="bbox 167 3169 1164 3295; baseline 0.009 -26"><span class='ocrx_word' id='word_1_235' title='bbox 167 3205 313 3290; x_wconf 89' lang='lat' dir='ltr'><strong>reliquit,</strong></span> <span class='ocrx_word' id='word_1_236' title='bbox 340 3169 403 3290; x_wconf 47' lang='lat' dir='ltr'><strong>ut:</strong></span> <span class='ocrx_word' id='word_1_237' title='bbox 417 3229 500 3292; x_wconf 87' lang='lat' dir='ltr'><strong>quae</strong></span> <span class='ocrx_word' id='word_1_238' title='bbox 527 3205 607 3274; x_wconf 91' lang='lat' dir='ltr'><strong>olim</strong></span> <span class='ocrx_word' id='word_1_239' title='bbox 631 3207 674 3277; x_wconf 83' lang='lat' dir='ltr'><strong>ad</strong></span> <span class='ocrx_word' id='word_1_240' title='bbox 697 3209 876 3287; x_wconf 85' lang='lat' dir='ltr'><strong>ornandum</strong></span> <span class='ocrx_word' id='word_1_241' title='bbox 899 3210 1059 3295; x_wconf 86' lang='lat' dir='ltr'><strong>templum</strong></span> <span class='ocrx_word' id='word_1_242' title='bbox 1081 3211 1164 3277; x_wconf 72' lang='lat' dir='ltr'><strong>erant</strong></span> 
     </span>
     <span class='ocr_line' id='line_1_35' title="bbox 168 3296 1195 3375; baseline 0.005 -21"><span class='ocrx_word' id='word_1_243' title='bbox 168 3313 330 3375; x_wconf 84' lang='lat' dir='ltr'><strong>maxume,</strong></span> <span class='ocrx_word' id='word_1_244' title='bbox 365 3316 451 3360; x_wconf 90' lang='lat' dir='ltr'><strong>nunc</strong></span> <span class='ocrx_word' id='word_1_245' title='bbox 486 3299 615 3369; x_wconf 83' lang='lat' dir='ltr'><strong>tantum</strong></span> <span class='ocrx_word' id='word_1_246' title='bbox 647 3296 688 3360; x_wconf 87' lang='lat' dir='ltr'><strong>ad</strong></span> <span class='ocrx_word' id='word_1_247' title='bbox 720 3297 933 3366; x_wconf 86' lang='lat' dir='ltr'><strong>claudendum</strong></span> <span class='ocrx_word' id='word_1_248' title='bbox 963 3297 1072 3366; x_wconf 82' lang='lat' dir='ltr'><strong>lactas</strong></span> <span class='ocrx_word' id='word_1_249' title='bbox 1102 3307 1195 3363; x_wconf 61' lang='lat' dir='ltr'><strong>essee</strong></span> 
     </span>
    </p>
   </div>
   <div class='ocr_carea' id='block_1_3' title="bbox 116 3375 1165 3559">
    <p class='ocr_par' dir='ltr' id='par_1_5' title="bbox 116 3375 1165 3559">
     <span class='ocr_line' id='line_1_36' title="bbox 116 3375 1164 3470; baseline 0.018 -37"><span class='ocrx_word' id='word_1_250' title='bbox 116 3385 167 3434; x_wconf 74' lang='lat'><strong>125</strong></span> <span class='ocrx_word' id='word_1_251' title='bbox 185 3375 363 3442; x_wconf 86' lang='lat' dir='ltr'><strong>videantur.</strong></span> <span class='ocrx_word' id='word_1_252' title='bbox 402 3380 553 3454; x_wconf 76' lang='lat' dir='ltr'><strong>Etiamne</strong></span> <span class='ocrx_word' id='word_1_253' title='bbox 573 3383 758 3468; x_wconf 84' lang='lat' dir='ltr'><strong>gramineas</strong></span> <span class='ocrx_word' id='word_1_254' title='bbox 776 3384 889 3454; x_wconf 85' lang='lat' dir='ltr'><strong>hastas</strong></span> <span class='ocrx_word' id='word_1_255' title='bbox 910 3385 992 3470; x_wconf 85' lang='lat' dir='ltr'><strong>(vidi</strong></span> <span class='ocrx_word' id='word_1_256' title='bbox 1011 3389 1096 3454; x_wconf 89' lang='lat' dir='ltr'><strong>enim</strong></span> <span class='ocrx_word' id='word_1_257' title='bbox 1113 3406 1164 3451; x_wconf 80' lang='lat' dir='ltr'><strong>vos</strong></span> 
     </span>
     <span class='ocr_line' id='line_1_37' title="bbox 167 3459 1165 3559; baseline 0.017 -38"><span class='ocrx_word' id='word_1_258' title='bbox 167 3460 201 3522; x_wconf 89' lang='lat' dir='ltr'><strong>in</strong></span> <span class='ocrx_word' id='word_1_259' title='bbox 226 3459 288 3522; x_wconf 90' lang='lat' dir='ltr'><strong>hoc</strong></span> <span class='ocrx_word' id='word_1_260' title='bbox 310 3466 453 3549; x_wconf 89' lang='lat' dir='ltr'><strong>nomine,</strong></span> <span class='ocrx_word' id='word_1_261' title='bbox 481 3491 553 3534; x_wconf 90' lang='lat' dir='ltr'><strong>cum</strong></span> <span class='ocrx_word' id='word_1_262' title='bbox 577 3470 674 3539; x_wconf 85' lang='lat' dir='ltr'><strong>testis</strong></span> <span class='ocrx_word' id='word_1_263' title='bbox 697 3471 831 3558; x_wconf 84' lang='lat' dir='ltr'><strong>diceret,</strong></span> <span class='ocrx_word' id='word_1_264' title='bbox 854 3475 1052 3542; x_wconf 86' lang='lat' dir='ltr'><strong>commoveri</strong></span> <span class='ocrx_word' id='word_1_265' title='bbox 1075 3470 1165 3559; x_wconf 89' lang='lat' dir='ltr'><strong>[quod</strong></span> 
     </span>
    </p>
   </div>
   <div class='ocr_carea' id='block_1_4' title="bbox 0 0 1218 3924">
    <p class='ocr_par' dir='ltr' id='par_1_6' title="bbox 0 0 1218 3924">
     <span class='ocr_line' id='line_1_38' title="bbox 0 0 1218 3924; baseline 0 0"><span class='ocrx_word' id='word_1_266' title='bbox 0 0 1218 3924; x_wconf 95' lang='lat' dir='ltr'><strong> </strong></span> 
     </span>
    </p>
   </div>
  </div>
 </body>
</html>
