2402 3936
273 177 341 234 um.
359 179 398 234 111
429 179 506 235 cnr.
525 185 630 236 ae-ss
649 185 665 246 s
682 184 796 237 aa-ee.
973 181 1039 247 305

93 321 183 398 Quid
204 323 302 390 uero?
326 345 346 388 a
364 321 583 406 Tissensibus,
605 345 766 408 perparva
788 345 826 391 ac
848 325 939 392 tenui
961 295 1094 423 civi-332

28 414 111 494 tate,
145 409 204 476 sed
234 411 418 478 aratoribus
450 411 715 478 laboriosissimis
741 411 1038 498 frugalissimisque

28 498 231 583 bominibus,
260 499 468 585 nonnaples
494 499 577 566 lucri
602 500 733 566 nomine
758 501 910 586 eripitur,
939 523 1037 585 quam

28 591 190 670 quantum
207 587 339 654 omnino
360 587 516 656 frumenti
538 589 732 656 exararant?
756 589 798 654 ad
820 610 902 674 quos
922 592 962 655 tu
983 589 1037 654 de

5 690 204 742 scumanum
226 675 425 762 Diognetum
443 674 618 744 Venerium
640 677 770 761 misisti,
790 698 912 744 novum
935 697 1036 779 genua

28 764 206 848 publicani.
245 761 310 832 Cur
327 765 389 832 boc
411 769 544 832 auctore
565 785 632 831 non
654 765 778 832 Romae
801 787 929 850 quoque
951 787 1037 832 serm

28 852 153 936 publici
181 851 224 918 ad
249 853 424 939 vectigalia
451 852 628 920 accedunt?
677 852 773 920 Anno
799 854 941 922 secundo
968 853 1037 920 Tis-

29 961 139 1006 senses
158 937 216 1007 HS
234 943 297 1008 ῖῇ
314 941 397 1008 lucri
417 941 493 1008 dare
513 944 677 1027 coguntur
698 941 807 1026 inviti3
829 943 928 1008 tertio
951 963 1036 1010 anno

28 1030 79 1094 fn
106 1028 196 1096 mod,
217 1030 320 1098 tritici
350 1030 433 1096 lucri
463 1028 628 1131 Diogneto
652 1028 793 1096 Venerio
824 1029 902 1096 dare
932 1030 1037 1096 coacti
1111 1057 1113 1062 ·

5 1121 113 1182 ⁰snnt.
164 1115 229 1184 Hic
259 1118 455 1204 Diognetus,
472 1139 548 1202 ·qur
581 1139 621 1184 ex
650 1118 790 1203 publicis
821 1117 1037 1204 vectigalibus

28 1209 124 1271 tanta
140 1206 235 1272 luera
251 1205 340 1290 facit,
358 1206 514 1273 vicariurn
530 1205 659 1273 nullum
676 1205 787 1290 babet,
803 1205 886 1272 nihil
905 1204 1036 1272 omnino
1083 1237 1085 1242 ·

28 1293 157 1379 peculii.
197 1292 267 1360 Vos
289 1295 390 1360 etiam
410 1316 496 1360 nunc
519 1293 678 1378 dubitate,
701 1295 730 1360 si
752 1293 904 1380 potestis,
926 1297 1037 1360 utrum

29 1386 159 1448 tantum
177 1404 348 1450 numerum
369 1383 471 1449 luitici
483 1381 642 1449 Venerius
665 1383 833 1468 apparitor
854 1382 950 1448 istius
973 1381 1037 1448 sibi

30 1471 192 1556 acceperit
223 1493 265 1538 an
293 1471 369 1538 huie
393 1471 548 1557 exegerit.
596 1469 706 1556 Atque
732 1471 814 1538 haee
840 1492 879 1538 er
905 1471 1036 1557 publico
1055 1480 1090 1532 87

5 1557 232 1626 ‘lesensium
258 1559 447 1626 testimonio
469 1559 664 1645 cognoscite.
713 1557 958 1626 Tnsrmorumr
979 1577 1038 1626 ru·

29 1664 162 1714 ametur
194 1647 410 1716 Tlssnrsmrr.
452 1645 608 1732 Obscura,
639 1647 774 1732 indices,
804 1651 936 1733 praetor
966 1647 1037 1732 ipse

30 1736 226 1802 decumanus
257 1741 322 1820 est,
353 1758 426 1803 cum
457 1735 526 1802 eius
557 1736 760 1822 apparitores
791 1734 990 1801 ficmentum
1017 1757 1038 1801 a

30 1824 219 1892 civitatibus
239 1825 383 1911 exigant,
403 1824 557 1909 pecunias
579 1822 749 1908 imperent,
772 1823 940 1907 aliquanto
962 1823 1037 1907 plue

30 1912 91 1996 ipsi
123 1912 208 1980 lueri
237 1912 400 1996 auferant,
431 1934 528 1997 quam
555 1915 714 1997 quantum
740 1911 862 1995 populo
889 1910 1038 1975 Romano

5 2001 239 2068 ¹⁰decumarum
255 2001 387 2068 nomine
403 2000 513 2066 daturi
530 1999 610 2066 sint!
645 1997 735 2065 Haec
754 1998 900 2083 aequitas
922 1998 957 2063 in
979 2001 1037 2064 tuo

31 2085 1037 2244 tuttltttt‘tt‘tttttz”tittllbtbl

31 2265 152 2332 crimen
189 2269 224 2330 te
258 2269 408 2350 praetore
443 2264 521 2348 fuit,
554 2267 590 2330 ut
607 2225 771 2332 ⁵aratores
802 2263 839 2330 in
857 2226 1038 2332 ’servorum

30 2374 165 2420 numero
187 2357 311 2438 essent,
334 2353 419 2418 servi
440 2352 477 2418 in
497 2352 753 2438 publicanorum.

5 2447 21 2492 ὓ
94 2439 205 2518 Quid?
250 2440 465 2508 Amestratini
495 2440 606 2506 miseri
636 2440 799 2526 impositis
829 2439 878 2505 ita
909 2406 1092 2534 magnis382

31 2529 188 2614 decumis,
219 2533 258 2595 ut
287 2529 368 2614 ipsis
399 2528 517 2612 reliqui
547 2528 629 2594 nihil
657 2529 764 2612 fieret,
794 2549 902 2594 nonne
926 2533 1038 2593 tamen

30 2638 202 2684 numerare
224 2617 376 2702 pecunias
398 2616 503 2684 coacti
525 2616 624 2682 sumt?
660 2615 863 2682 Addieuntnr
887 2616 1038 2684 decumae
1193 2675 1196 2682 .

31 2703 70 2770 M.
93 2704 227 2788 (laesio,
257 2727 332 2772 cunr
362 2704 513 2773 adessent
539 2703 642 2790 legati
663 2703 893 2789 Amestratini3
923 2702 1038 2768 statim
1110 2765 1113 2774 .

31 2795 159 2880 cogitur
185 2792 357 2860 Heraclius
385 2793 514 2880 legatus
540 2813 711 2858 numerare
736 2790 793 2858 HS
819 2795 907 2859 iffi.
954 2789 1038 2866 Quid

5 2881 89 2948 ahoe
109 2882 185 2950 est?
208 2903 291 2966 quae
308 2885 360 2948 est
376 2881 442 2948 ista
459 2879 589 2966 praede,
611 2902 694 2965 quae
710 2881 770 2964 vis,
794 2902 875 2965 quae
898 2877 1037 2962 direptio

30 2970 215 3036 sociorum?
256 2967 291 3035 Si
313 2973 385 3036 erat
401 2967 553 3036 Heraclio
577 2968 618 3036 ab
642 2973 757 3036 senatu
780 2967 977 3050 mandatum,
999 2969 1038 3032 nt

31 3062 166 3142 emeret,
193 3057 339 3142 emisset3
365 3058 393 3123 si
415 3078 482 3124 non
504 3059 588 3142 erat,
610 3056 667 3142 qui
688 3060 818 3142 poterat
839 3076 899 3121 sua
922 3057 1037 3140 sponte

30 3146 201 3229 pecuniam
215 3145 408 3214 numerare?
439 3143 554 3212 Caesio
573 3147 738 3211 renuntiat
756 3165 791 3210 se
809 3143 943 3209 dedisse.
974 3140 1037 3208 Go—
1055 3151 1099 3204 89*

32 3235 178 3321 gnoeoite
190 3234 464 3302 renuntiationem
475 3255 514 3300 ex
527 3233 648 3300 litteris
663 3231 812 3318 publicis.
836 3231 959 3298 Recita.
984 3229 1038 3298 Ex

5 3329 193 3392 *urruns
227 3339 395 3390 ruralem.
435 3320 505 3397 Quo
537 3325 669 3388 senatus
698 3319 847 3386 consulto
879 3323 950 3386 eret
975 3319 1038 3387 boo

30 3410 140 3497 legato
154 3411 372 3497 permissum?
390 3409 500 3478 Nullo.
523 3407 589 3475 Gur
601 3409 701 3476 fecit?
724 3407 862 3475 Coactus
876 3411 936 3474 est.
958 3407 1038 3484 Quis

32 3497 91 3566 boc
104 3500 207 3567 dicit?
238 3499 324 3566 'Pota
336 3498 460 3566 ciuitas.
491 3497 605 3566 Recita
620 3497 844 3566 testimonium
862 3497 1037 3585 publicum

82 3615 137 3658 erc.
151 3613 185 3655 11.
201 3615 220 3654 ι.
789 3606 825 3656 20
