2402 3936
260 159 329 214 nra.
347 160 374 214 11
403 159 480 214 aar.
500 166 605 216 cs-ce
623 167 639 228 s
659 168 805 218 rso-1⁶3.
971 163 1035 229 259

42 303 222 388 cognoscite
257 301 541 390 Centmipinorum
564 309 696 371 senatus
719 305 860 372 decrevit
881 304 1087 392 populus-6⁵1

42 411 91 474 qua
111 390 216 474 iussit,
237 395 283 476 ut,
306 412 389 476 quae
412 395 540 458 statuae
561 391 596 458 C.
614 392 728 458 Verris
750 394 853 478 ipsius
876 398 909 458 ot
931 397 1036 480 patris

42 479 96 542 eius
113 481 145 543 et
161 479 226 544 filii
240 484 356 564 essent,
377 502 432 546 eas
447 485 635 566 quaestores
650 481 868 547 demoliendas
881 483 1036 570 locarent,

43 565 164 650 dumque
193 589 233 633 ea
255 567 423 634 demolitio
445 569 552 655 fieret,
580 573 746 636 senatores
768 591 810 636 ne
832 571 939 636 minus
962 590 1037 638 xxx

25 655 184 720 aedessent
231 654 349 722 Videte
376 657 572 742 gravitatem
600 657 741 724 civitatis
769 681 806 738 aa
829 658 1037 745 dignitatem3

41 764 125 826 neque
152 764 210 808 eas
236 743 273 809 in
298 746 379 810 urbe
406 767 466 811 sua
493 750 619 812 statuas
650 767 720 811 esse
742 747 928 832 voluerunt,
956 769 1036 833 quas

42 831 118 896 inriti
138 853 200 917 per
222 831 290 898 rim
313 837 410 918 atque
432 833 603 918 imperium
632 834 809 920 dedissent,
836 857 940 920 neque
968 837 1036 901 eius

41 918 177 1005 hominis,
213 920 249 984 in
281 942 377 1005 quem
407 922 472 1006 ipsi
507 944 580 988 cum
617 923 811 1008 gravissimo
847 925 1035 990 testimonio

41 1007 158 1092 publice,
181 1008 272 1092 quod
293 1031 470 1093 numquam
489 1014 594 1094 antea,
616 1010 756 1076 Romam
775 1011 930 1078 mandata
947 1013 1037 1099 lega-

17 1099 138 1179 utosqua
160 1097 343 1182 misissent3
371 1102 404 1163 et
425 1098 460 1164 id
483 1099 615 1185 gravius
642 1120 714 1164 esse
740 1103 899 1183 putarunt
926 1099 954 1164 si
980 1123 1037 1184 pu-

41 1182 109 1249 blico
130 1185 284 1270 consilio,
315 1207 411 1271 quam
435 1186 544 1271 siper
566 1187 633 1252 vim
665 1187 883 1252 multitudinis
912 1187 1037 1254 factum

41 1291 95 1336 esse
114 1273 290 1338 rideretur.
327 1272 408 1341 Cum
431 1276 492 1341 hoc
515 1275 652 1342 consilio
670 1278 796 1340 statuas
816 1273 1019 1359 Centuripini
1038 1290 1089 1341 roa

41 1360 149 1442 publice
193 1361 418 1447 sustulissent,
459 1363 549 1428 audit
579 1362 749 1447 Metellus,
783 1363 927 1450 graviter
963 1364 1037 1450 fert,

42 1453 137 1514 evocat
154 1450 197 1515 ed
219 1470 254 1515 se
267 1448 552 1536 Centuripinorum
571 1451 783 1535 magistratus
807 1457 839 1517 et
857 1471 882 1518 x
899 1453 1037 1538 primos3

17 1536 90 1600 enisi
109 1538 333 1604 restituissent
351 1544 486 1624 statuas,
508 1539 717 1605 vehementer
735 1540 886 1606 minatur.
921 1540 978 1606 Illi
996 1542 1038 1607 ad

43 1630 171 1692 senatum
195 1628 399 1712 renuntiant3
427 1633 568 1713 statuae,
591 1649 673 1711 quae
696 1627 792 1694 istius
816 1650 931 1695 causae
952 1629 1038 1694 nihil

42 1714 230 1799 prodessent,
255 1720 463 1801 reponuntur,
485 1716 614 1783 decreta
636 1712 931 1800 Centuripinorum,
954 1739 1037 1801 quae

43 1799 71 1864 de
90 1803 206 1869 statuis
230 1805 324 1869 erant
344 1804 446 1888 faeta,
475 1825 541 1871 non
563 1805 734 1870 tolluntur.
777 1803 841 1868 Hic
863 1824 924 1890 ego
948 1803 1038 1870 aliud

42 1888 91 1952 alii.
105 1891 263 1974 concedo,
292 1891 439 1976 Metello,
471 1891 596 1958 homini
624 1890 777 1977 sapienti,
807 1912 941 1975 prorsus
970 1912 1038 1956 non

19 1989 156 2059 ”possum
179 1981 361 2066 ignoscere,
384 1981 412 2045 si
435 1980 511 2064 quid
530 1981 631 2046 stulte
648 1979 737 2046 facit.
773 1977 881 2054 Quid?
903 1979 961 2043 ille
974 1979 1038 2044 hoo

43 2068 162 2145 putabat
179 2067 280 2133 Verri
300 2069 508 2136 criminosum
530 2068 610 2152 fore,
633 2067 661 2132 si
685 2070 812 2132 statuae
836 2067 904 2132 eius
928 2070 1038 2133 essent

44 2151 174 2242 deiectae,
200 2156 288 2240 quod
310 2178 405 2242 saepe
423 2161 521 2222 rento
540 2160 598 2222 aut
616 2155 725 2240 aliquo
744 2177 821 2222 casu
839 2156 910 2221 fieri
929 2155 1037 2222 solet?

43 2239 101 2307 Non
113 2249 185 2310 erat
199 2244 235 2308 in
248 2245 310 2310 hoc
322 2266 428 2329 neque
441 2244 563 2310 crimen
576 2244 681 2310 ullum
697 2261 802 2329 ne'que
819 2245 1038 2330 reprehensio.

43 2325 81 2393 lla
106 2354 168 2417 quo
190 2333 302 2418 igitur
325 2333 446 2398 crimen
469 2337 566 2416 atque
590 2333 752 2398 accusatio
775 2334 942 2400 nascitur?
987 2332 1037 2398 Ex
1047 2383 1090 2448 68

19 2415 196 2486 *hominum
219 2421 337 2505 iudicio
360 2423 394 2486 et
416 2422 593 2486 voluntate.
628 2417 711 2505 Ego,
735 2421 763 2484 si
781 2419 933 2489 Metellus
957 2426 1020 2488 sta»
1035 2433 1093 2511 ‘103

43 2507 101 2572 tuas
114 2507 344 2594 Centmipinos
361 2528 516 2592 reponere
533 2529 600 2574 non
618 2507 786 2594 coegisset,
805 2509 871 2575 hoc·
886 2510 1037 2576 dicerem:

43 2591 155 2682 Videte,
182 2598 319 2682 iudices,
346 2601 505 2682 quantum
532 2600 565 2662 et
592 2618 690 2681 quam
719 2597 870 2678 acerbum
893 2597 1038 2664 dolorem

44 2684 189 2754 sociorum
226 2689 324 2770 atque
361 2685 539 2750 amicorum
575 2683 692 2750 animis
728 2684 905 2750 inusserint
942 2685 1038 2749 istius

43 2767 172 2861 ieiunae,
192 2795 265 2839 cum
280 2772 565 2858 Centuripinorum
579 2773 777 2840 amicissima
795 2795 832 2838 aa
850 2772 1041 2838 fidelissima

20 2858 157 2949 seirius,
188 2883 270 2946 quae
292 2861 394 2927 tantis
418 2860 532 2927 officiis
555 2882 629 2926 cum
651 2862 772 2945 populo
795 2860 943 2925 Romano
966 2881 1039 2924 con·

43 2945 139 3016 iuncta
161 2954 222 3035 est,
244 2954 369 3016 utnon
391 2949 498 3014 solum
520 2949 777 3033 rempublicam
799 2951 969 3030 nostram,¹
983 2947 1040 3012 sed

44 3036 128 3104 etiem
150 3039 188 3104 in
209 3038 324 3124 quovis
346 3037 478 3104 homine
500 3036 629 3122 privato
651 3058 770 3102 nomen
792 3036 898 3118 ipsum
921 3034 1039 3103 Roma·

11 3173 12 3176 ,
43 3141 108 3190 num
122 3148 249 3212 semper
263 3126 420 3210 dilexerit,
434 3147 473 3202 ea
486 3124 617 3209 publico
632 3123 767 3190 consilio
786 3127 883 3206 atque
902 3125 1039 3190 auctori·

44 3213 101 3278 tate
121 3215 272 3282 iudicarit
294 3213 330 3280 C.
351 3213 465 3280 Verris
488 3216 615 3280 statuas
639 3234 709 3276 esse
731 3212 765 3276 in
787 3211 867 3275 urbe
891 3233 949 3277 sua
973 3233 1039 3277 non

19 3305 187 3383 ³⁵oportere.
231 3303 416 3369 Recitarem
444 3302 572 3367 decreta
600 3298 898 3384 Centuripinorum,
929 3299 1039 3366 lauda

44 3406 101 3454 rem
139 3392 232 3460 illam
273 3391 452 3472 civitatem,
493 3390 527 3454 id
567 3388 653 3474 quod
693 3385 860 3453 verissime
901 3410 1038 3473 possem,

46 3495 318 3547 commemorarem
339 3497 363 3544 x
391 3478 483 3544 milia
509 3478 628 3543 'civium
651 3497 721 3542 esse
745 3474 1038 3561 Centuripinorum,

772 3579 826 3633 1⁷*
