2402 3936
312 157 380 214 ιιΒ.
398 158 438 212 111
464 157 540 214 cur.
560 166 828 228 14-1esav-41.
992 163 1058 227 285

44 303 115 365 tate
158 320 317 368 noverum
356 301 537 368 edictorum
577 301 726 389 intellegi
760 305 873 388 rolin,
912 305 1056 372 iudices?

44 388 243 454 iniuriamne
269 388 392 454 factam
420 389 538 454 sociis?
579 390 626 470 Αι
650 390 776 456 videtis.
816 393 1056 460 Auctoritatem

45 476 253 577 superiorum
271 476 497 578 repudiatam?
538 475 614 543 Non
634 479 765 544 audebit
787 501 916 566 negare.
952 452 1109 580 Apro-14}

43 586 137 630 mum
157 568 289 630 tantum
309 569 374 630 usto
397 568 548 650 praetore
570 566 738 650 potuisse?
779 565 981 634 Confiteatur
1002 591 1055 634 ne

23 670 135 719 ecesse
155 655 217 718 est.
255 649 317 718 Sed
335 673 395 719 voa
411 652 562 738 fortasse,
578 655 667 737 quod
683 675 743 720 voa
761 656 814 721 lex
832 661 1024 739 commonet,
1042 652 1107 724 (16)

44 741 76 804 id
102 740 142 806 iu
166 739 233 806 hoc
259 741 331 807 loco
355 741 531 825 quaeretis,
557 762 636 808 num
659 764 740 827 quas
763 765 802 810 ex
824 743 913 810 hisce
936 746 1033 810 rebus
1052 728 1107 793 (40)

44 828 201 912 pecunias
227 828 357 913 ceperit.
398 828 530 895 Docebo
554 830 676 915 cepisse
698 832 858 898 maximas
881 854 1055 917 omnesque

44 937 97 982 eas
131 915 340 1001 iniquitates,
372 916 411 982 de
443 917 560 1000 quibus
590 922 686 984 antea
712 919 791 1002 dixi,
823 919 874 986 sui
901 925 1055 1004 quaestus

44 1025 145 1070 causa
176 1003 387 1070 constituisse
416 1005 559 1089 vinem,
590 1005 620 1069 si
634 1005 736 1090 ‘prius
763 1006 846 1072 illud
872 1030 1055 1095 propugna-

15 1092 172 1175 oculum,
201 1113 265 1176 quo
292 1095 406 1160 contra
433 1114 545 1159 omnes
572 1115 662 1159 meos
688 1094 830 1181 impetus
858 1117 991 1161 usumin
1018 1117 1054 1161 se

44 1185 157 1265 putat,
180 1201 221 1247 ex
244 1180 427 1246 defensione
450 1181 518 1246 eius
542 1179 695 1248 deiecere.
755 1200 757 1204 ·

109 1267 296 1353 ‘Magno’,
317 1268 433 1353 inquit,
456 1267 648 1334 ‘decumas
671 1269 847 1336 vendidi’
879 1269 964 1347 Quid
983 1269 1054 1336 aie?

46 1377 84 1420 an
102 1360 145 1422 ιιι
162 1355 325 1440 decumas,
345 1356 445 1422 homo
468 1356 681 1425 audacissime
704 1361 801 1442 atque
824 1357 1054 1442 amentissime,

2 1453 4 1456 ’
45 1442 244 1510 vendidisti?
284 1442 334 1510 Τιι
399 1444 460 1509 rtis
483 1465 552 1528 eas,
580 1467 660 1529 quas
687 1450 722 1511 te
747 1449 878 1512 senatus
900 1448 1053 1533 populus·

16 1547 105 1616 tque
129 1531 299 1598 Romanus
325 1554 368 1599 vo
383 1532 445 1616 uit,
472 1555 515 1598 an
536 1531 660 1598 fructus
681 1533 829 1620 integros
851 1537 950 1619 atque
974 1534 1053 1601 adeo

46 1619 132 1686 bona
143 1619 358 1704 fortunasque
372 1623 539 1686 aratorum
553 1621 658 1687 omnis
672 1621 868 1688 vendidisti?
892 1620 927 1688 Si
943 1624 1054 1707 palam

45 1728 162 1791 praeco
191 1707 282 1772 iussu
306 1712 364 1773 tuo
386 1707 605 1792 praedicasset
627 1729 694 1774 non
716 1709 867 1775 decumas
889 1708 1054 1793 frumenti,

48 1796 101 1861 sed
135 1795 288 1864 dimidies
318 1795 429 1862 venire
460 1796 578 1879 partis,
609 1799 643 1860 et
673 1797 722 1862 ita
754 1799 917 1880 emptores
950 1818 1053 1862 acces·

48 1883 178 1967 sissent,
202 1887 241 1948 ut
262 1883 304 1949 ad
322 1882 470 1950 dimidias
493 1883 597 1968 partis
621 1882 781 1966 emendas,
804 1883 832 1947 si
853 1883 957 1968 pluris
981 1905 1053 1949 ven·

18 1970 184 2036 autumn
217 1973 255 2035 tu
286 1969 434 2037 dimidias
465 1993 564 2054 quam
595 1971 695 2038 ceteri
725 1970 890 2055 decumas,
924 1970 1052 2036 cuinam

49 2059 165 2124 mirum
189 2057 375 2124 videretur?
416 2058 522 2134 Quid?
553 2059 581 2123 si
602 2079 719 2144 praeco
742 2059 892 2124 decumas
914 2081 1053 2144 pronun·

49 2147 156 2230 tinuit,
179 2167 216 2212 re
238 2168 328 2230 vera,
349 2146 412 2214 hoc
435 2149 485 2212 est
508 2146 593 2232 lege,
616 2147 734 2231 edicto,
757 2147 956 2233 condicione,
978 2148 1052 2233 plus

49 2235 146 2300 etiam
165 2255 266 2318 quam
288 2234 438 2300 dimidiae
460 2233 639 2319 venierunt,
661 2238 773 2300 tamen
794 2234 856 2301 hoo
878 2235 941 2302 tibi
963 2258 1054 2320 prae·

50 2321 170 2386 clarum
198 2322 344 2407 putabis,
375 2327 409 2388 te
435 2321 552 2407 pluris,
584 2322 670 2406 quod
695 2343 762 2390 nan
789 2323 923 2407 licebat,
956 2346 1053 2408 quam

20 2414 186 2493 toetems,
209 2410 296 2493 quod
318 2410 504 2495 oportebat,
526 2409 731 2476 vendidisse?
771 2409 879 2476 Pluris
903 2411 1053 2478 decumas

50 2497 222 2562 vendidisti
254 2517 352 2580 quam
384 2497 490 2564 ceteri
540 2496 665 2574 Quibus
696 2499 793 2564 rebus
819 2498 855 2563 id
881 2499 1052 2565 adsecutus
1071 2511 1104 2562 41

50 2586 103 2649 es?
134 2585 343 2650 innocentia?
389 2585 507 2669 Aspioe
536 2585 648 2652 aedem
676 2583 835 2670 Castoris3
867 2586 993 2668 deinde,
1025 2587 1060 2652 si

52 2673 155 2756 eudes,
173 2672 227 2738 fao
240 2673 437 2740 mentionem
456 2673 667 2739 innocentiae.
698 2673 902 2760 Diligentia?
925 2673 1052 2739 Codicis

51 2758 163 2826 lituras
183 2760 233 2826 tui
255 2761 475 2846 contemplare
497 2761 532 2826 in
550 2758 665 2826 Stheni
686 2761 889 2828 Thermitani
910 2760 1053 2843 nomine3

20 2861 40 2902 t
52 2846 160 2914 deinde
180 2848 262 2916 auda
280 2853 314 2914 te
332 2848 436 2915 dicere
455 2848 654 2934 diligentem.
686 2849 845 2936 Ingenio?
873 2848 936 2925 Qui
958 2847 1053 2912 testis

51 2935 249 3023 interrogare
280 2937 387 3022 priore
420 2937 546 3002 actione
572 2937 715 3002 nolueris
742 2937 842 3003 otiis
869 2935 988 3001 tacitus
1016 2956 1052 3001 os

51 3026 140 3088 tuum
166 3025 323 3110 praebere
350 3024 518 3107 malueris,
546 3025 694 3109 quamvis
721 3028 754 3089 et
780 3028 814 3089 te
841 3027 874 3089 et
896 3025 1053 3107 patronos

52 3113 123 3176 tuos
149 3112 336 3198 ingeniosos
364 3134 434 3178 esse
461 3112 568 3179 dicito.
614 3112 685 3189 Qua
711 3133 746 3176 re
769 3111 872 3198 igitur
893 3110 940 3195 id,
968 3111 1054 3196 quod

2 3208 3 3211 ’
53 3197 107 3281 ais,
129 3199 300 3266 adsecutus
319 3201 375 3266 es?
411 3199 534 3286 Magna
551 3205 602 3266 est
621 3200 706 3265 enim
725 3200 806 3284 laus,
825 3199 853 3264 si
872 3199 1053 3283 superiores

21 3287 183 3354 voomilio
201 3288 319 3372 viciati,
339 3288 577 3374 posterioribus
596 3288 779 3372 exemplum
798 3290 895 3372 atque
914 3286 1053 3354 auctori·

53 3375 151 3440 tatem
185 3377 357 3461 reliquisti.
407 3375 483 3442 Tibi
517 3375 657 3442 fortasse
689 3375 823 3442 idoneus
854 3374 918 3441 fuit
948 3397 1053 3459 nemo,

54 3481 144 3538 quem
177 3463 357 3543 imitarere3
393 3469 428 3530 at
464 3467 497 3530 te
531 3464 681 3530 videlicet
710 3464 913 3532 inventorem
944 3485 1053 3530 rerum
