2404 3928
159 122 227 186 406
463 119 505 174 m
523 117 719 175 evam
735 117 812 172 Aer.
831 117 865 171 Π.

161 264 339 348 audaciam,
362 264 548 347 amentiam,
569 264 604 329 in
622 263 663 328 iis
680 262 875 348 praesertim
895 261 1000 328 sacris
1020 261 1150 347 polluen-

160 354 224 436 dis,
256 375 339 438 quae
370 375 437 418 non
463 352 560 416 modo
587 351 736 416 manibus
763 350 899 436 attingi,
931 350 987 415 sed
1012 372 1053 415 ns
1078 351 1151 435 cogi·

159 443 286 508 tatione
318 442 448 526 quidem
479 441 596 506 violari
625 439 677 504 fas
705 439 777 504 fuit.
828 438 1014 504 Sacrarium
1041 437 1152 504 Cereris

161 537 213 597 est
248 531 335 617 apud
366 528 555 596 catinenses
588 529 699 594 eadem
729 528 903 616 religiono,
939 550 1005 612 qua
1035 527 1152 610 Romae,

161 643 226 706 qua
243 620 279 684 in
296 620 413 684 cetems
430 618 521 701 locis,
544 640 608 702 qua
624 638 726 702 prope
743 616 779 681 in
799 621 871 692 toto
895 617 975 681 orbe
997 620 1173 682 terrarums

159 709 200 774 In
231 729 269 773 eo
301 706 444 772 sacrario
474 707 592 772 intimo
621 706 751 791 signum
777 704 843 770 fuit
869 702 997 770 Cereris
1024 706 1154 792 peranti-

161 819 275 882 quum,
301 795 388 879 quod
410 795 473 860 viri
493 817 561 860 non
582 794 678 860 modo
701 794 791 859 cuius
814 795 904 859 modi
926 799 1026 879 esset,
1048 795 1102 860 sed
1120 815 1153 860 ne

161 907 231 950 esse
262 883 392 968 quidem
425 883 585 969 sciebant,
616 883 723 948 aditus
752 881 839 948 enim
865 883 901 948 in
926 883 962 948 id
989 885 1152 950 sacrarium

159 995 225 1039 non
253 976 303 1038 est
330 971 423 1055 viris,
450 994 543 1037 sacra
569 993 628 1058 per
650 971 800 1038 mulieres
825 994 862 1037 ac
884 972 1030 1059 virgines
1052 972 1153 1039 confici

161 1063 277 1130 solent.
320 1060 393 1126 Hoc
419 1061 549 1146 siguum
575 1065 674 1126 noctu
700 1061 786 1126 clam
812 1061 908 1126 istius
937 1062 1025 1126 servi
1046 1084 1084 1126 ex
1103 1062 1182 1124 illos

159 1151 408 1237 religiosissimo
448 1151 546 1234 atquo
583 1149 809 1233 antiquissimo
844 1149 918 1214 loco
956 1151 1154 1216 sustulerunt.

159 1239 322 1306 Postridie
335 1239 518 1304 sacerdotes
532 1234 658 1302 Cereris
677 1242 775 1321 atque
791 1237 881 1302 illius
899 1236 970 1302 fani
988 1239 1154 1320 antistitae,

159 1330 300 1394 maiores
326 1331 420 1410 natu,
445 1326 604 1411 probatae
630 1348 670 1392 aa
689 1326 815 1392 nobiles
839 1326 1006 1411 mulieres,
1033 1349 1099 1392 rem
1119 1326 1154 1392 ad

159 1416 373 1501 magistratus
401 1436 478 1480 suos
505 1414 663 1480 deferrmt.
704 1413 861 1480 Omnibus
888 1415 1055 1499 acerbum,
1083 1415 1153 1480 iudi-

107 1519 158 1568 100
181 1525 295 1590 guum,
317 1504 502 1569 luctuosum
525 1502 661 1586 denique
680 1502 859 1569 videbatur.
900 1501 986 1568 'l'um
1006 1505 1069 1569 iste
1090 1519 1182 1589 per-u

158 1596 267 1658 motus
293 1591 354 1656 illa
376 1591 550 1656 atrocitate
571 1590 711 1678 negotii,
737 1595 775 1656 ut
797 1593 838 1658 ab
862 1612 897 1656 ss
920 1593 1051 1658 sceleris
1073 1592 1151 1656 illius

159 1680 300 1767 suspicio
315 1679 548 1763 demoveretur,
566 1680 622 1745 dat
636 1679 759 1764 hospiti
772 1701 831 1745 suo
845 1679 974 1746 cuidam
983 1682 1151 1767 negotium,

157 1775 196 1836 ut
222 1770 363 1854 aliquem
390 1768 560 1853 reperiret,
587 1789 682 1852 quem
708 1767 790 1832 illud
811 1767 928 1834 fecisse
950 1769 1150 1850 insimularet,

158 1860 314 1944 daretque
345 1879 490 1942 operam,
521 1860 559 1922 ut
585 1857 614 1921 is
642 1877 680 1923 eo
708 1856 841 1922 crimine
869 1856 1089 1940 damnaretur,
1116 1877 1150 1922 ne
1190 1883 1191 1943 p

86 1973 89 1981 ·
156 1948 228 2033 ipse
246 1950 333 2012 esset
354 1947 389 2010 in
411 1944 553 2010 crimine.
593 1943 659 2009 Res
680 1966 747 2010 non
767 1947 1035 2030 procrastinatur.
1073 1945 1180 2010 Nema

157 2057 230 2100 cum
271 2035 335 2098 iste
371 2033 488 2099 Catina
527 2033 692 2119 profectus
734 2037 833 2117 esset,
873 2035 960 2099 servi
998 2034 1149 2100 cuiusdam
1189 2081 1190 2086 η

156 2143 276 2187 nomen
289 2121 445 2204 defertur3
463 2123 492 2186 is
506 2125 685 2206 accusatur,
701 2121 772 2186 ficti
783 2125 885 2188 testes
898 2122 934 2186 in
948 2144 1022 2188 eum
1036 2123 1148 2188 dantur.
1189 2105 1190 2187 l

155 2209 238 2276 Rem
266 2213 400 2274 cunctus
428 2212 560 2274 senatus
584 2209 806 2276 Catinensium
831 2210 961 2296 legibus
989 2211 1147 2278 iudicabat.

157 2295 347 2362 Sacerdotes
366 2299 536 2381 vocantur3
559 2320 599 2363 ex
616 2298 657 2362 iis
676 2298 842 2382 quaeritur
860 2303 985 2364 secreto
1006 2300 1042 2364 in
1062 2299 1147 2378 ouria,

157 2385 234 2471 quid
270 2406 342 2452 esse
375 2385 500 2451 factum
536 2387 785 2470 arbitrarentur,
824 2407 919 2471 quem
957 2387 999 2452 ad
1030 2387 1177 2454 moduma

82 2498 89 2518 ··
157 2475 287 2561 signum
308 2478 395 2540 esset
417 2475 572 2539 ablatum.
612 2474 821 2558 Respondent
842 2475 920 2540 illae
942 2475 1146 2560 praetorisin

156 2586 195 2629 eo
213 2563 286 2630 loco
305 2583 416 2628 servos
439 2584 511 2628 esse
533 2562 631 2628 visos.
666 2562 741 2646 Res,
764 2585 847 2647 quae
867 2567 954 2628 esset
975 2564 1042 2630 iam
1063 2567 1144 2629 anua

155 2672 223 2718 non
252 2651 404 2734 obscura,
436 2651 640 2716 sacerdotum
671 2651 858 2716 testimonio
889 2653 1059 2738 perspicua
1086 2671 1143 2716 esse

155 2739 271 2825 coepit.
310 2737 382 2804 Itur
403 2739 438 2802 in
460 2739 645 2822 consilium3
669 2760 780 2804 servus
802 2740 859 2805 ille
882 2740 1036 2806 innocens
1058 2738 1144 2806 omni·
1186 2777 1187 2798 r

154 2829 217 2894 bus
229 2827 399 2894 sententiis
414 2826 604 2911 absolvitur,
618 2849 683 2911 quo
695 2825 824 2893 facilius
837 2849 896 2895 vos
910 2828 996 2896 hunc
1010 2828 1143 2895 omnibus
1154 2841 1174 2881 a

103 2925 153 2975 101
174 2916 344 2982 sententiis
366 2915 578 2981 condemnare
601 2915 745 3000 possitis.
787 2914 871 2992 Quid
894 2917 980 2982 enim
1002 2917 1144 3002 postulas,

155 3001 296 3071 Verres?
333 3004 410 3088 quid
438 3025 562 3088 speras,
594 3003 672 3087 quid
699 3008 862 3089 expectas,
890 3027 986 3088 quem
1014 3006 1074 3072 tibi
1097 3009 1143 3068 aut

154 3091 250 3158 deum
273 3095 330 3158 aut
352 3091 516 3156 hominem
539 3092 659 3156 auxilio
681 3091 829 3158 futurum
850 3094 970 3178 putas?
1010 3093 1143 3160 Eonetu

73 3232 75 3237 .
154 3198 265 3244 servos
286 3178 327 3244 ad
350 3179 555 3265 spoliandum
577 3179 690 3244 fanum
712 3179 879 3246 inmittere
902 3203 1000 3247 ausus
1023 3205 1070 3267 es,
1091 3199 1141 3264 quo

152 3264 275 3330 liberos
298 3266 387 3332 adire
409 3289 451 3332 ne
473 3267 586 3332 orandi
610 3267 738 3352 quidem
760 3291 860 3335 causa
881 3269 931 3336 fas
955 3271 1048 3336 erat?
1074 3270 1170 3334 iisus³⁵

152 3350 250 3413 rebus
278 3373 393 3416 manus
421 3353 546 3418 adferre
571 3377 639 3420 non
666 3356 837 3439 dubitasti,
865 3379 885 3424 a
913 3359 1031 3442 quibus
1057 3357 1141 3424 etiam

152 3435 264 3500 oculos
277 3436 428 3502 cohibere
442 3444 475 3504 te
493 3441 689 3527 religionum
707 3444 779 3508 iura
797 3447 981 3530 cogebant?
1013 3443 1142 3512 Tametsi
