2422 3952
156 167 200 231 60
330 164 402 220 PRO
421 164 497 222 SEX.
516 163 645 220 ROSCIO
663 163 830 218 omnmo
849 163 989 218 ORATIO.

157 313 318 374 sertorum
350 309 582 375 audacissimus
615 309 672 390 sit,
703 329 746 373 an
776 309 818 390 is,
851 307 907 392 qui
935 311 1070 392 propter
1101 306 1168 372 tori

155 397 409 482 iudiciorumque
427 397 636 463 insolentiam
652 415 720 460 non
742 395 839 460 modo
862 395 1029 476 subsellia,
1051 415 1169 459 verum

156 486 256 551 etiam
278 487 393 552 urbem
415 483 744 569 ipsamreformidet,
771 488 952 568 postremo,
973 483 1112 566 iudioes,
1134 484 1169 547 id

158 573 243 658 qued
271 575 312 640 ed
335 595 404 640 rem
427 593 501 638 mea
524 572 685 637 sententia
707 571 847 636 maxime
870 572 1026 656 pertinet,
1054 575 1170 636 utrum

157 663 305 727 inimicus
328 661 438 746 potius
461 681 504 724 an
521 661 617 724 lilius.
1182 677 1194 716 ⁵

104 721 147 847 ἓξ
222 749 313 813 Haeo
339 752 390 831 tu,
417 747 529 829 Eruci,
556 752 609 812 tot
635 752 669 812 et
690 751 784 812 tauta
808 747 836 811 si
857 750 999 812 nanetus
1021 767 1112 812 esses
1136 749 1170 811 in

156 859 222 921 reo,
245 857 344 920 quam
361 835 416 900 diu
438 835 573 901 diceres!
597 855 662 920 quo
684 839 718 900 te
738 836 837 900 modo
858 835 1013 900 iactares!
1036 839 1169 919 tempus
1205 911 1206 918 ἵ

156 926 287 990 hercule
318 929 351 989 te
380 924 475 988 eitius
504 943 601 1008 quam
629 924 735 988 oratio
762 923 920 988 deliooret.
970 922 1106 988 Etenim
1135 923 1170 986 in
1205 919 1206 992 l

158 1013 296 1099 singulis
314 1013 411 1077 rebus
430 1011 499 1076 eius
517 1011 606 1076 modi
624 1012 777 1076 materies
796 1013 855 1092 est,
872 1014 911 1074 ut
929 1009 998 1075 dies
1017 1011 1169 1096 singulos
1205 1015 1206 1076 l

157 1101 264 1186 possis
283 1099 479 1167 consumere
514 1097 628 1184 Neque
647 1119 709 1184 ego
731 1119 798 1164 non
820 1117 967 1183 possum3
990 1117 1057 1163 non
1078 1099 1169 1162 enim
1182 1105 1206 1165 al

157 1193 286 1255 tantum
309 1189 390 1254 mihi
413 1188 547 1274 derogo,
574 1186 707 1252 tametsi
729 1187 813 1252 nihil
836 1185 974 1271 adrogo,
996 1190 1035 1251 ut
1057 1190 1092 1250 te
1117 1208 1169 1251 eo·
1205 1223 1206 1252 l

157 1277 281 1362 pionius
313 1299 411 1361 quam
442 1297 494 1340 me
524 1279 637 1360 putem
664 1289 760 1359 possa
788 1275 900 1340 dieere.
951 1273 1075 1339 Verum
1106 1295 1169 1360 ego

156 1366 296 1432 forsitan
326 1369 462 1450 propter
493 1363 734 1428 multitudinem
761 1367 974 1448 patronorum
1002 1362 1038 1426 in
1064 1383 1170 1448 grege

158 1454 361 1537 adnumera,
388 1456 422 1516 te
447 1471 560 1538 pugna
582 1450 760 1517 Oauneuds
786 1454 1012 1516 soousatorum
1027 1455 1088 1516 sat
1113 1450 1169 1515 bo·
1205 1484 1206 1522 3

156 1562 235 1606 num
247 1539 333 1605 feeit.
364 1539 487 1605 Multos
501 1560 612 1606 caesos
630 1559 696 1604 non
717 1537 758 1604 ad
773 1537 1031 1604 Trasumennum
1049 1539 1169 1621 laeum,
1182 1551 1206 1609 ¹⁵2

158 1628 214 1692 sed
237 1628 278 1692 ad
300 1625 473 1693 Servilium
496 1629 644 1693 vidimus
903 1647 905 1652 ·
981 1627 985 1631 ’

106 1729 139 1776 oo
225 1713 317 1792 Quis
335 1715 391 1780 ibi
412 1736 489 1780 non
510 1721 571 1780 est
593 1716 823 1780 vulneratus
845 1713 951 1778 ferro
969 1713 1168 1800 Phrygio?
1205 1729 1206 1786 j

157 1803 234 1870 Non
263 1823 393 1870 neeesse
421 1808 471 1870 eet
499 1825 610 1870 omnes
637 1819 890 1868 eommemorare
918 1799 1062 1885 Ourtios,
1098 1801 1168 1867 Ma·
1205 1839 1206 1878 l

157 1893 238 1978 rios,
261 1893 398 1977 denique
420 1892 444 1975 †
465 1892 659 1973 Mammeos,
682 1909 762 1974 quos
784 1891 851 1954 iem
875 1893 967 1954 aetas
989 1911 1011 1955 a
1031 1891 1168 1974 proeliis
1205 1929 1206 1964 5

158 1981 326 2065 evocabat,
343 1984 509 2063 postremo
528 1979 693 2044 Priamum
713 1978 821 2062 ipsum
838 1993 959 2060 senem,
974 1977 1168 2060 Antistium,
1181 1991 1206 2057 ”l

158 2089 254 2150 quem
276 2089 342 2132 non
365 2064 461 2132 modo
486 2071 586 2150 aetas,
608 2067 664 2132 sed
686 2067 786 2131 etiam
809 2066 898 2151 leges
922 2085 1069 2151 pugnero
1089 2087 1168 2150 pro·
1205 2107 1206 2144 p

157 2155 323 2219 bibebant.
367 2153 439 2218 Iam
467 2173 547 2236 quos
572 2173 667 2219 nemo
690 2157 823 2239 proptor
845 2154 1087 2240 ignobilitatem
1111 2174 1167 2218 no·
1205 2197 1206 2234 p

159 2241 271 2322 minut,
295 2241 432 2304 sescenti
451 2245 535 2326 sunt,
559 2243 614 2326 qui
631 2243 718 2306 inter
736 2241 869 2306 sicarios
888 2245 922 2305 et
941 2241 980 2304 de
1003 2241 1168 2306 venaliciis
1205 2285 1206 2318 p

159 2329 367 2394 accusabant·
396 2329 452 2412 qui
479 2350 604 2414 omnes,
632 2329 717 2413 quod
743 2329 785 2394 ad
813 2350 863 2392 me
887 2329 1020 2412 attinet
1044 2328 1167 2394 vellem
1205 2371 1206 2408 l

158 2416 313 2481 virerent.
356 2378 449 2482 llihil
477 2418 563 2482 enim
585 2417 665 2482 mali
687 2421 737 2482 est
760 2416 924 2482 eanesibi
946 2434 1045 2500 quam
1067 2417 1166 2500 pluri·
1180 2429 1201 2472 a

158 2523 230 2569 mos
248 2524 327 2588 esse,
349 2505 407 2570 ubi
426 2507 582 2590 permulti
600 2505 793 2571 observandi
816 2504 984 2588 multaque
1007 2505 1168 2570 servanda
1205 2547 1206 2586 ἒ

106 2603 138 2651 91
159 2596 243 2658 sunt.
283 2591 419 2676 Verum,
446 2598 495 2658 ut.
510 2593 561 2676 fit,
588 2594 694 2658 multa
718 2613 814 2676 saepe
836 2592 1086 2675 inprudentibus
1106 2593 1166 2656 im·
1205 2639 1206 2676 3

158 2681 364 2766 potatoribus
394 2682 443 2745 vis
473 2681 560 2745 bellir
581 2703 619 2756 ae
645 2681 744 2745 turba
770 2679 931 2770 molitum
959 2679 1048 2744 Dum
1076 2681 1103 2744 is
1131 2681 1166 2743 in
1205 2725 1206 2766 p

160 2769 233 2834 aliis
251 2770 348 2834 rebus
372 2773 442 2834 erat
466 2774 649 2854 occupatus,
672 2768 727 2852 qui
750 2787 919 2832 summam*
934 2787 1044 2832 rerum
1068 2768 1167 2832 admi-
1205 2795 1206 2854 l

158 2857 330 2942 nistrabat,
353 2861 446 2922 erant
468 2857 601 2944 interea,
624 2855 766 2941 quisuis
789 2855 977 2920 vulneribus
1002 2855 1166 2921 mederen-
1179 2857 1206 2912 a*

158 2948 227 3029 tur3
254 2947 322 3031 qui,
350 2950 519 3030 tamquam
547 2945 575 3010 si
601 2945 705 3010 offusa
721 2944 773 3008 rei
796 2942 946 3028 publicae
968 2945 1167 3030 sempiterna

158 3052 222 3097 nox
236 3037 331 3118 esset,
349 3034 398 3099 its
410 3031 549 3098 ruebant
565 3033 601 3096 in
618 3032 761 3118 tenebris
780 3031 959 3115 omniaque
970 3032 1166 3113 miscebant3

160 3140 180 3183 a
203 3120 320 3201 quibus
347 3122 461 3204 miror,
486 3141 527 3184 ne
550 3120 636 3204 quod
658 3119 958 3185 iudioiomm·esset
980 3120 1165 3206 vestigium,

158 3225 225 3272 non
252 3208 407 3276 subsellia
430 3229 557 3293 quoque
579 3227 650 3274 esse
673 3207 855 3292 combusta3
881 3226 959 3272 nam
982 3211 1165 3273 etaoeusa·

158 3297 247 3360 toros
267 3299 301 3359 et
322 3295 442 3361 iudiees
467 3296 676 3362 sustulerunt
717 3293 788 3361 Hoe
811 3293 973 3360 commodi
995 3299 1056 3380 est,
1080 3294 1199 3380 quoda

159 3381 208 3445 ite
226 3382 390 3464 vixerunt,
411 3387 449 3446 ut
470 3387 573 3448 testes
596 3402 721 3467 omnes,
743 3383 772 3447 si
795 3387 961 3468 cuperent,
983 3379 1163 3450 interfluere

160 3487 227 3534 non
257 3473 404 3553 possent3
439 3488 528 3553 nam,
560 3471 636 3538 dum
668 3471 852 3536 hominum·
869 3489 969 3556 genus
1002 3471 1079 3556 erit,
1110 3470 1164 3554 qui
1205 3467 1206 3530 l
