2402 3936
272 151 338 207 οΙΒ.
354 153 393 207 111
422 151 499 207 cnr.
519 158 624 208 00-00
643 159 657 220 c
678 158 825 208 rra-rsa.
986 153 1049 218 331

59 317 95 376 es,
115 316 230 381 magno
248 299 283 360 te
302 295 451 363 decumas
470 297 661 380 vendidisse,
683 296 772 382 plebi
790 296 955 362 Romanae
979 317 1052 364 con·

59 383 193 467 suluisse,
217 405 362 449 annonae
381 385 595 470 prospexisse.
635 383 712 449 Non
729 387 839 469 potest
861 384 923 450 hoc
947 385 1050 450 dicere

59 472 90 554 is,
110 471 162 554 qui
178 493 298 558 negare
316 494 382 538 non
399 477 510 557 potest
533 496 567 538 se
589 473 685 538 unius
709 473 781 558 agri
804 473 954 538 decumas
976 489 1051 538 xxx

58 560 177 624 milibus
204 560 344 625 modium
375 561 524 644 minoris,
551 583 648 646 quam
675 561 833 645 potuerit,
860 559 1051 642 vendidisse,
1106 629 1108 633 ,

33 652 101 730 aut,
125 647 254 714 etiamsi
279 649 342 714 tibi
369 649 431 714 hoc
458 649 644 733 concedam,
670 648 812 715 Minucio
834 652 868 713 te
890 649 962 713 ideo
984 669 1050 712 non

58 736 230 821 tradidisse,
258 735 343 821 quod
370 737 436 803 iam
465 738 641 803 addixisses
661 736 807 822 Apronio
831 734 937 822 (aiunt
964 735 1050 802 enim

59 828 84 888 te
111 825 158 888 ita
189 825 352 909 dictitare,
385 826 471 910 quod
503 847 564 912 ego
597 831 729 911 expecto
757 826 916 910 cupioque
943 828 976 890 te
1003 824 1050 890 ita

58 911 128 976 illud
145 912 329 999 defendere)
348 951 389 960 -
408 933 519 980 verum
538 918 576 980 ut
593 914 642 979 ita
661 914 713 997 sit,
737 917 848 978 tamen
868 935 935 979 non
956 916 1050 998 potes

58 1000 108 1065 hoc
138 1001 231 1085 quasi
260 1003 463 1086 praeclarum
491 1003 613 1086 aliquid
639 1001 838 1087 praedicare,
870 1021 990 1087 magno
1017 1005 1051 1064 te

22 1105 44 1144 10
58 1088 194 1165 decumas
225 1089 420 1174 vendidisse,
451 1113 524 1156 cum
555 1090 656 1156 fuisse
687 1089 824 1172 fateare,
858 1089 914 1173 qui
945 1088 1050 1154 multo

56 1177 148 1260 pluris
172 1177 314 1242 voluerit
336 1199 449 1243 emere.
1061 1227 1104 1290 65

112 1265 252 1330 Tenetur
269 1266 371 1352 igitur
393 1267 471 1350 iam,
494 1266 629 1350 iudices,
652 1271 685 1332 et
707 1266 880 1331 manifesto
903 1267 1034 1329 tenetur
1053 1303 1103 1352 152

56 1353 192 1438 avaritia,
211 1354 370 1438 cupiditas
387 1354 536 1438 hominis,
555 1356 668 1439 scelus,
686 1354 889 1439 improbitas,
908 1351 1050 1418 audacia.

56 1441 151 1516 Quid?
178 1441 207 1507 si
228 1443 322 1524 haec,
348 1465 429 1527 quae
452 1443 536 1527 dico,
558 1443 660 1528 ipsius
685 1443 781 1509 amici
803 1441 1050 1524 defensoresque

23 1545 43 1584 ¹⁵
55 1529 240 1615 iudicarunt,
268 1531 345 1615 quid
371 1531 470 1596 voltis
496 1532 658 1616 amplius?
699 1531 850 1596 Adventu
872 1529 908 1596 L.
926 1527 1052 1594 Metelli

55 1618 221 1702 praetoris,
248 1641 321 1684 cum
349 1641 469 1684 omnes·
486 1619 553 1684 eius
580 1620 714 1684 comites
737 1619 801 1684 iste
824 1619 888 1684 sibi
911 1638 969 1682 suo
992 1616 1050 1680 illo

54 1705 239 1789 panchresto
271 1707 504 1774 medicamento
538 1709 658 1773 amicos
690 1707 896 1788 reddidisset,
927 1704 1050 1770 aditum

54 1799 97 1858 est
126 1795 168 1858 ad
198 1794 380 1880 Metellum3
412 1795 544 1861 eductus
577 1799 627 1860 est
651 1794 829 1880 Apronius,
861 1793 970 1858 eduxit
1001 1790 1051 1856 vir

53 1883 227 1967 primarius,
249 1881 284 1948 O.
298 1882 413 1948 Gallus
432 1889 571 1968 senator,
594 1882 774 1968 postulavit
797 1882 838 1946 ab
857 1880 892 1944 L.
907 1878 1051 1960 Metelle,

24 1975 85 2034 unt
109 1993 148 2036 ex
175 1970 280 2038 edicto
308 1993 366 2036 suo
389 1972 542 2037 iudicium
566 1972 657 2036 daret
679 1971 714 2034 in
732 1969 926 2055 Apronium,
950 1968 1050 2046 Quor)

53 2077 110 2124 rm
140 2077 204 2124 vm
230 2077 300 2125 000
326 2077 448 2126 aarum
474 2076 718 2141 uasrumssar,
751 2080 848 2142 quam
875 2055 1050 2121 formulam

53 2147 255 2213 Octavianam
284 2152 318 2212 et
338 2149 461 2214 Romae
484 2147 636 2213 Metellus
663 2147 825 2212 habuerat
852 2148 885 2230 et
907 2144 1052 2210 habebat

52 2235 277 2321 improvincia3
298 2257 366 2301 non
386 2237 549 2320 impetrat,
572 2258 645 2301 cum
668 2235 729 2301 hoc
753 2235 873 2300 diceret
890 2232 1051 2316 Metellus,

52 2325 278 2406 praeiudicium
298 2346 331 2389 se
356 2323 395 2388 de
419 2325 525 2409 capite
549 2322 583 2389 O.
597 2323 710 2388 Verris
734 2344 792 2408 per
814 2323 877 2387 hoc
899 2321 1051 2387 iudicium

24 2413 132 2476 tuelle
154 2413 235 2477 fieri.
275 2411 360 2478 Tota
377 2411 503 2476 Metelli
526 2412 642 2478 cohors
665 2411 834 2475 hominum
855 2431 922 2474 non
944 2410 1052 2495 ingra-

52 2503 153 2566 tomm
172 2500 285 2565 aderat
299 2499 460 2585 Aproni03
483 2498 517 2565 O.
532 2497 656 2582 Gallus,
678 2499 776 2563 homo
795 2497 897 2562 vestri
920 2497 1051 2578 ordinis,

51 2610 68 2651 a
96 2610 154 2654 suo
186 2588 443 2654 familiarissimo
475 2587 511 2652 L.
534 2587 667 2652 Metello
686 2585 847 2670 iudicium
880 2606 919 2649 ex
946 2583 1050 2648 edicto

50 2697 108 2741 000
139 2680 250 2760 potest
280 2677 464 2761 impetrare.
513 2675 590 2740 Non
618 2673 818 2760 reprehendo
851 2671 1103 2752 Metellum3153

51 2765 189 2850 pepercit
220 2765 346 2830 homini
378 2764 481 2830 amico
515 2767 560 2847 et,
593 2785 688 2847 quem
717 2762 758 2827 ad
784 2761 916 2828 modum
943 2762 1051 2844 ipsum

24 2851 148 2918 ³tdicere
182 2852 301 2934 andivi,
340 2853 536 2936 necessari03
567 2873 633 2917 000
665 2849 878 2935 reprehendo,
909 2849 1051 2930 inquam,

50 2938 228 3024 Metellum,
252 2942 308 3006 sed
330 2941 392 3007 hoc
414 2941 529 3024 miror,
552 2962 616 3024 quo
639 2939 749 3021 modo,
771 2938 897 3020 dequo
920 2934 1051 2999 homine
1131 2991 1133 2994 .

5 3077 6 3104 2
51 3029 276 3110 praeiudicium
303 3029 445 3094 noluerit
471 3029 543 3093 fieri
565 3049 623 3113 per
644 3028 900 3110 recuperatores,
927 3022 1051 3088 dehoc

5 3149 6 3156 1
50 3115 113 3199 ipse
145 3138 212 3182 non
243 3118 339 3183 modo
371 3116 612 3202 praeiudicarit,
644 3136 756 3182 verum
789 3112 982 3198 gravissime
1014 3133 1051 3176 ac

5 3241 6 3244 =
51 3205 327 3272 vehementissime
344 3205 504 3271 iudicarit.
544 3204 690 3270 Primum
710 3201 804 3284 enim,
828 3201 856 3264 si
869 3198 1051 3284 Apronium

24 3293 233 3359 ”absolutum
259 3293 301 3357 iri
327 3297 473 3379 putaret,
500 3292 582 3358 nihil
610 3295 693 3374 erat,
721 3289 806 3374 quod
833 3288 936 3352 ullum
962 3307 1051 3371 prae·

5 3403 6 3406 ¹
52 3378 198 3448 iudicium
230 3385 410 3466 veteretum
442 3381 568 3464 deinde,
601 3380 631 3444 si
661 3378 873 3444 condemnato
903 3375 1050 3461 Apronio

53 3471 250 3536 coniunctam
269 3491 342 3537 cum
360 3492 398 3535 00
408 3469 520 3534 Verris
540 3489 671 3535 causam
690 3486 801 3530 omnes
820 3467 914 3530 erant
932 3464 1051 3529 existu-
