2470 3936
155 125 222 190 456
456 120 497 175 m
515 119 544 176 G.
558 119 714 176 VERREM
730 118 807 176 Affl'.
825 120 860 178 II.

156 267 268 334 datum
298 265 341 331 iri
371 264 541 351 pecuniam
568 263 731 349 aceepime
757 285 862 348 neque
889 263 929 329 de
954 285 1030 332 vero
1056 265 1157 331 arehi-

139 357 264 442 ·pirata
289 354 466 439 sumpsisse
488 352 697 438 supplicium,
722 351 796 417 ideo
819 373 855 417 se
877 352 983 418 securi
1003 373 1069 418 non
1088 375 1159 438 per·

155 444 309 528 cussisse3
331 442 419 507 dumi
436 463 507 507 esse
526 440 612 526 apud
634 461 705 505 sese
727 439 945 526 archipiratas
968 440 1049 506 dixit
1071 441 1160 507 duos.

100 533 184 598 ’ΜΟ
211 531 417 599 clementiam
443 529 558 615 populi
579 529 720 595 Romani
746 550 804 594 seu
830 529 941 614 potius
968 529 1161 615 patientiam

155 622 274 688 miram
300 641 339 686 ae
363 619 576 704 singularem!
622 615 734 682 Civem
756 616 942 684 Romanum
963 617 1070 682 securi
1091 635 1184 684 esses

155 728 343 796 percussum
369 707 414 771 M.
435 705 577 790 Annius,
604 726 703 790 eques
729 703 913 788 Romanus,
943 705 1034 790 dicit,
1060 710 1162 790 taces,

156 797 387 882 archipiratam
412 798 527 880 negat,
552 793 675 859 fateris.
719 791 775 858 Fit
796 794 939 879 gemitus
962 794 1108 860 omnium
1130 799 1162 858 et

155 886 291 968 elamor,
323 905 397 950 cum
427 886 539 948 tamen
566 904 586 947 a
616 881 782 967 praesenti
812 881 973 967 supplicio
1005 886 1064 948 tuo
1091 904 1161 948 con-

154 973 255 1038 tinuit
288 971 429 1058 populus
455 970 625 1036 'Romanus
659 991 694 1036 se
728 973 761 1034 et
792 970 950 1056 repressit
981 973 1016 1035 et
1047 971 1160 1036 salutis

156 1084 234 1128 suae
265 1061 425 1127 rationem
456 1058 598 1124 iudicum
627 1057 797 1124 severitati
820 1059 1011 1126 reservavit
1056 1059 1158 1136 ond?
1171 1075 1193 1116 ιι

156 1151 282 1216 sciebas
300 1149 363 1214 tibi
380 1147 508 1214 crimini
525 1145 638 1212 datum
659 1146 724 1213 iri?
747 1168 846 1231 qnam
868 1147 912 1213 ob
935 1168 1006 1212 rem
1029 1147 1160 1230 sciebas,

155 1261 254 1324 quam
277 1238 319 1303 ob
342 1256 411 1302 rem
434 1236 534 1301 etiam
556 1234 786 1319 suspicabare?
820 1233 995 1300 Inimicum
1018 1235 1158 1300 habebas

154 1327 332 1409 neminem3
350 1323 538 1408 sihaberes,
555 1327 666 1388 tamen
678 1322 811 1388 nonita
827 1323 968 1408 vixeras,
983 1326 1023 1388 ut
1040 1325 1158 1390 metum

155 1414 265 1479 iudicii
291 1412 497 1498 propositum
523 1410 644 1477 habere
670 1410 813 1476 deberes.
857 1410 913 1476 An
939 1414 988 1495 te,
1016 1411 1052 1476 id
1078 1411 1158 1496 quod

155 1502 226 1566 fieri
249 1502 347 1584 solet,
372 1499 569 1564 conscientia
591 1498 742 1564 timidum
765 1497 1048 1584 suspiciosumque
1069 1499 1158 1566 facie
1171 1513 1192 1556 1⁵

22 1655 24 1660 ,
154 1589 234 1654 bat?
276 1585 338 1663 Qui
363 1587 480 1673 igitur,
507 1609 581 1652 cum
608 1608 696 1652 esses
723 1609 797 1654 eum
823 1587 977 1673 imperio,
1003 1588 1071 1654 iam
1091 1592 1157 1652 tum

155 1677 277 1744 crimen
304 1679 337 1742 et
358 1675 513 1742 iudicium
533 1675 712 1759 horrueris,
738 1697 813 1741 cum
833 1678 886 1740 tot
908 1676 1052 1742 testibus
1073 1697 1158 1741 coar-
1223 1701 1224 1744 ι

104 1779 138 1828 so
156 1787 266 1853 guare,
278 1768 373 1851 potes
387 1764 426 1829 de
441 1763 648 1830 damnatione
662 1761 833 1828 dubitare?
859 1761 985 1828 Verum
999 1764 1029 1830 si
1043 1765 1158 1830 crimen

154 1855 217 1956 hoc
235 1852 422 1954 metuebas,
434 1873 474 1954 ne
493 1852 565 1936 quis
584 1852 789 1953 suppositam
807 1851 867 1916 abs
885 1855 920 1916 te
939 1872 1011 1918 esse
1035 1852 1157 1935 diceret,

154 1964 217 2094 tt
242 1963 302 2094 ¹32⁰
317 1941 536 2094 ιὲἷὲῗὲὲὶῗὲ
561 1941 1018 2112 Ξῗᾝῖἓξῗῗζὲιέιῖᾟ
1031 1941 1191 2094 ‘stit'

155 2121 269 2182 coactu
300 2120 399 2200 atque
431 2115 613 2202 efflagitatu
645 2137 717 2181 meo
748 2116 926 2200 producere
958 2115 1001 2182 ad
1030 2117 1155 2203 ignotos

154 2207 248 2268 tanto
275 2207 351 2288 post
374 2224 462 2288 eum,
489 2224 584 2287 quem
608 2204 839 2288 archipiratam
861 2225 933 2269 esse
957 2204 1094 2288 diceres,
1117 2227 1156 2270 an
1222 2201 1223 2222 ³

154 2291 276 2356 recenti
298 2311 333 2356 re
365 2287 533 2393 Syracusis
551 2292 657 2393 ‘apud
686 2295 783 2393 notos
813 2292 1020 2395 inspectante
1052 2291 1156 2360 Sicilia

75 2485 81 2490 -
153 2381 479 2553 ιιιιιιιιι
498 2379 620 2533 svs?
637 2379 1189 2554 restaurans*

155 2556 298 2622 defensio
325 2557 418 2620 nulla
444 2559 503 2621 est.
548 2555 663 2640 Itaque
687 2555 771 2621 illud
793 2577 920 2641 semper
943 2579 1056 2623 onmes
1078 2558 1153 2624 fere·

153 2649 240 2728 runt,
262 2644 325 2709 hoe
343 2644 415 2727 quis
435 2647 511 2710 ante
529 2647 571 2727 te,
595 2644 668 2728 quis
685 2647 816 2729 praeter
832 2648 867 2709 te
884 2644 1009 2730 fecerit,
1031 2668 1153 2730 quaero.

153 2731 299 2812 Piratam
317 2731 428 2797 vivom
446 2732 590 2798 tenuisti.
627 2731 730 2809 Quem
753 2731 794 2797 ad
815 2732 935 2798 finem?
975 2732 1064 2799 Dum
1086 2756 1153 2800 eum

153 2820 290 2972 imperii
306 2818 419 2972 ‘fuisti
436 2907 444 2922 ο
460 2818 564 2896 Quam
589 2820 632 2921 ob
653 2841 799 2974 clpusalpnp,
827 2842 890 2922 quo
914 2823 1077 2923 exemplo,
1101 2837 1185 2888 curtt

154 2930 323 3081 aggeravit,
346 2928 908 3082 csbbhiithhblihrmpierlbbssismipilsliss'
930 2915 1152 3082 imbibi

102 3092 137 3144 ts
154 3103 288 3149 usurmn
306 3086 375 3148 tam
398 3081 584 3149 diuturnam
607 3083 747 3150 dedisti?
781 3082 905 3149 Verum
928 3089 1010 3169 esto,
1032 3087 1076 3152 sit
1096 3087 1150 3152 tibi
1220 3135 1221 3138 η

155 3169 238 3234 illud
256 3171 396 3236 liberum
414 3192 509 3237 omne
526 3176 665 3257 tempus,
685 3171 793 3256 quoad
810 3193 883 3239 cum
900 3173 1038 3257 imperio
1055 3173 1150 3260 fuisti,

156 3256 297 3322 etiamne
319 3258 482 3343 privatus,
509 3259 649 3325 etiamne
670 3280 759 3344 reus,
786 3261 926 3326 etiamne
948 3283 1052 3346 paene
1073 3263 1181 3328 dam-³⁵

153 3344 252 3404 natus
266 3342 412 3408 hostium
426 3346 521 3411 duces
535 3347 666 3431 privata
677 3347 714 3412 in
727 3347 823 3414 domo
836 3349 1024 3415 retinuisti?
1042 3348 1140 3416 Unum

155 3427 295 3490 alterurn
326 3447 484 3514 mensem,
515 3455 617 3518 prope
649 3456 772 3501 annum
802 3435 939 3521 denique
970 3438 1059 3504 dorni
1082 3401 1148 3504 tuae
1219 3455 1220 3480 ι
