2402 3936
258 145 326 202 ΗΒ.
344 146 372 200 Π
403 147 481 202 ΟΑΡ.
500 153 615 204 63-65.
632 153 648 214 ἓ
668 154 816 206 los-169.
980 153 1044 218 257

99 289 259 354 Dixemnt
268 288 446 374 Halaesini,
457 289 658 375 Catinenses,
666 291 888 380 Tyndaritani,
897 296 1046 365 Hennen·
1055 296 1098 360 65

41 400 95 462 ses,
116 377 339 462 Herbitenses,
361 378 592 465 Agyrinenses,
615 377 737 465 Netini,
760 379 944 469 Segestani,
970 408 1045 452 enu-

42 488 159 531 merare
185 486 298 532 omnes
325 487 391 532 non
418 473 469 533 est
493 489 633 534 necesse.
683 466 794 555 Scitis,
824 493 922 555 quam
949 475 1046 540 multi

42 559 69 618 et
89 575 188 639 quam
210 554 316 620 multa
338 556 446 640 priore
469 558 595 622 eodone
614 557 766 643 dixerint;
788 581 873 625 nunc
892 565 925 626 et
942 561 994 626 illi
1012 567 1046 628 et

22 643 151 726 reliqui
173 643 291 709 dicent.
330 643 450 710 Omnes
474 645 611 730 denique
633 646 695 712 hoc
718 646 753 711 iu
774 647 837 713 hac
859 670 957 714 causa
978 651 1026 715 in-
1048 654 1097 703 15⁷

41 732 204 817 tellegent,
235 731 298 798 boc
330 733 438 798 suune
470 755 541 799 esse
568 733 707 818 Siculos,
737 741 786 820 ut,
819 737 847 801 si
877 737 913 802 in
943 739 1045 804 istum

42 820 295 886 animadversum
326 842 393 885 non
424 822 482 904 sit,
513 821 576 888 sibi
607 823 836 907 relinquendas
865 825 979 892 domos
1007 849 1044 892 ac

43 909 122 973 sedes
137 931 215 974 suas
230 913 264 973 et
278 930 317 974 ex
330 907 441 976 Sicilia
459 910 674 977 decedendum
697 916 795 997 atque
818 913 898 979 adeo
921 914 1045 1001 fugien-

42 996 108 1061 dum
135 1017 207 1062 esse
235 997 444 1062 arbitrentur.
493 997 564 1064 Hos
591 999 739 1065 homines
766 1007 803 1066 tu
834 1003 1045 1086 persuadebis

15 1085 76 1148 ssd
91 1084 251 1151 honorem
270 1089 367 1171 atque
386 1087 633 1171 amplitudinem
655 1092 748 1153 tuam
769 1091 922 1174 pecunias
946 1092 1045 1156 maxi·

42 1195 101 1238 mas
130 1175 303 1240 voluntate
326 1195 385 1240 sua
407 1175 606 1240 contulisse?
651 1174 770 1260 Oredo,
796 1177 853 1262 qui
875 1183 908 1243 te
931 1179 1046 1244 intua

43 1263 166 1328 civitate
191 1263 388 1328 incolumem
415 1283 486 1328 esse
511 1264 652 1348 nollent,
678 1264 714 1329 hi
736 1271 947 1332 monumenta
968 1271 1045 1332 tuae

42 1349 158 1416 formae
181 1372 219 1415 ac
241 1350 382 1415 nominis
404 1351 440 1416 in
463 1352 530 1416 suis
553 1352 741 1418 civitatibus
764 1375 835 1419 esse
862 1356 1046 1440 cupiebant.

43 1437 97 1502 Res
123 1438 319 1523 declarabit,
344 1443 383 1504 ut
405 1439 573 1523 cupierint.
617 1439 688 1506 Iam
712 1442 832 1508 dudum
855 1443 941 1508 enim
964 1444 1045 1510 mihi

17 1527 171 1592 ennium
193 1527 335 1592 tenuiter
358 1525 541 1593 Siculorum
563 1549 642 1614 erga
673 1533 707 1594 te
738 1531 918 1597 voluntatis
951 1554 1045 1618 argu-

45 1620 143 1681 ments
169 1615 324 1701 colligere
350 1615 462 1681 videor
489 1618 622 1700 [utrum
647 1621 774 1684 statuas
797 1619 961 1686 voluerint
982 1621 1046 1687 tibi

45 1707 178 1769 statiere
201 1725 244 1768 au
266 1703 370 1769 eoacti
392 1704 482 1784 sint}

99 1791 148 1856 De
172 1813 237 1876 quo
261 1792 322 1857 hoc
344 1791 475 1858 homine
498 1793 645 1858 auditum
667 1797 718 1858 est
740 1815 908 1877 umquam,
938 1795 1026 1879 quod
1048 1809 1098 1858 158

46 1878 97 1943 tibi
109 1879 237 1963 accidit,
260 1883 298 1945 ut
311 1880 378 1944 eius
397 1879 432 1944 in
449 1881 618 1965 provincie
640 1884 768 1946 statuae
788 1882 822 1945 in
841 1881 922 1946 locis
940 1883 1046 1966 publi-

19 1967 82 2030 scis
102 1969 245 2054 positae,
270 1968 391 2052 partim
415 1969 514 2033 etiam
536 1970 572 2033 in
594 1969 726 2034 aedibus
750 1969 864 2053 sacris,
893 1990 951 2054 per
978 1970 1046 2035 vim

47 2059 73 2118 ct
102 2077 162 2141 per
196 2056 382 2122 universam
417 2057 660 2123 multitudinem
700 2057 923 2123 deicerentur?
982 2057 1046 2124 Tot

46 2141 182 2209 homines
196 2145 231 2209 in
244 2144 326 2209 Asia
338 2149 501 2228 nocentes,
514 2148 566 2210 tot
579 2146 614 2210 in
627 2145 747 2230 Africa
760 2149 813 2211 tot
827 2147 863 2210 in
876 2144 1066 2232 Hispania,-

47 2228 153 2316 (lsllis,
176 2231 334 2316 Sardinia,
356 2237 409 2298 tot
430 2233 466 2297 in
487 2232 560 2317 ipsa
583 2233 694 2298 Sicilia
714 2235 858 2318 fuerunt,
883 2256 983 2320 ecquo
1006 2235 1046 2300 de

46 2317 165 2386 homine
187 2321 250 2386 hoc
272 2342 427 2405 umquam
450 2321 641 2387 audivistis?
681 2321 812 2388 Novum
835 2327 895 2407 est,
916 2322 1046 2408 iudices,

21 2405 74 2470 sin
103 2407 220 2474 Siculis
256 2410 385 2494 quidem
423 2413 455 2474 et
490 2410 526 2474 in
561 2410 711 2475 omuibus
742 2409 875 2476 Graecis
907 2409 1047 2478 monstri

47 2495 150 2562 simile.
203 2496 280 2563 Non
306 2497 468 2563 crederem
495 2498 558 2564 hoo
585 2499 624 2562 de
652 2499 784 2581 statuis,
814 2499 879 2564 nisi
909 2500 1046 2566 iacentis

47 2586 243 2671 revolsasque
279 2586 445 2670 vidissem,
480 2589 655 2670 propterea
690 2587 776 2670 quod
812 2588 899 2672 apud
934 2609 1045 2652 omnes

48 2669 175 2740 caecos
199 2674 253 2739 hio
276 2696 347 2739 mos
369 2677 430 2758 est,
452 2680 490 2738 ut
512 2674 669 2739 honorem
690 2675 878 2740 hominibus
896 2674 1046 2739 habitum

47 2757 74 2823 in
93 2762 309 2828 monumentis
333 2762 515 2828 eiusmodi
534 2784 601 2828 non
622 2763 714 2828 nulls
735 2763 894 2849 religione
913 2762 1045 2826 deorum

22 2851 216 2916 *consecrari
239 2850 446 2916 arbitrentur.
483 2849 599 2934 Itaque
612 2849 740 2935 Rhodii,
763 2851 820 2934 qui
841 2869 942 2934 prope
965 2848 1028 2912 soli
1047 2860 1097 2909 169

48 2934 157 3003 bellum
183 2938 267 3003 illud
294 2939 439 3024 superius
467 2961 540 3003 cum
563 2939 752 3006 Mithridate
775 2957 852 3023 rege
874 2940 1046 3022 gesserunt

48 3045 209 3111 omnesque
239 3027 308 3091 eius
333 3027 443 3110 copias
466 3026 722 3111 acerrimumque
744 3026 903 3110 impetum
926 3024 1046 3090 moeni-

47 3110 110 3197 bus,
140 3115 294 3181 litoribus
325 3115 548 3199 classibusque
579 3116 646 3180 suis
683 3116 890 3199 exceperunt,
926 3117 1045 3194 tamen,

48 3221 108 3267 cum
137 3203 167 3269 ei
194 3203 266 3289 regi
292 3203 414 3269 inimici
441 3207 572 3288 praeter
598 3208 721 3269 ceteros
749 3205 872 3284 essent,
901 3205 1045 3266 statuam

23 3288 117 3375 acius,
139 3313 222 3375 quae
246 3295 316 3356 erat
339 3291 425 3376 apud
447 3291 536 3376 ipsos
559 3292 595 3355 in
617 3289 825 3357 celeberrimo
849 3289 939 3354 urbis
962 3290 1044 3372 loco,

48 3395 79 3440 ne
107 3383 178 3444 tum
211 3379 341 3463 quidem
370 3380 405 3444 in
434 3379 515 3463 ipsis
546 3379 637 3446 urbis
669 3377 820 3464 periculis
854 3378 1045 3464 attigerunt.

51 3462 87 3530 lc
117 3466 258 3533 forsitan
293 3468 347 3532 vix
384 3467 554 3532 convenire
590 3467 766 3551 videretur,
804 3488 901 3552 quem
936 3467 1043 3552 ipsum

90 3579 143 3620 010,
156 3581 189 3622 Π.
205 3584 222 3620 l.
513 3613 518 3622 .
796 3575 828 3620 17
