2404 3928
146 175 212 240 426
324 175 329 184 '
442 173 482 226 IN
501 173 529 228 C.
549 171 704 228 VERREM
720 173 801 228 AGT.
819 171 854 228 IL

146 320 294 405 ipsorum
311 316 590 403 Syracusanorum
607 317 767 402 impetum
785 317 821 382 in
839 339 895 382 eas
912 316 1042 382 tabulas
1060 316 1144 398 facio,

146 409 182 473 in
217 407 335 492 quibus
368 410 500 471 senatus
533 405 719 470 consultum
750 406 1017 490 perscripserunt.
1069 403 1144 470 Itcoe

148 499 258 562 autem
275 516 362 563 nova
379 493 478 560 turba
495 495 595 578 atqua
611 493 692 577 rixa,
713 515 755 560 ne
773 497 886 558 tamen
903 494 1004 559 istum
1022 492 1145 559 omnino

148 584 316 670 Syracusis
343 582 414 649 sine
441 582 567 665 amicis,
595 581 664 646 sine
687 581 888 667 hospitibus,
914 582 1011 667 plane
1032 582 1147 647 nudum

148 695 219 740 esse
251 695 288 739 ac
320 671 483 736 desertum
514 669 647 754 putatia
694 669 848 735 Retinere
879 669 995 755 incipit
1023 670 1167 735 abdas

148 761 386 828 Theomnastus
416 757 562 842 quidam,
592 758 691 825 homo
718 757 853 824 ridicule
879 759 1028 843 insanus,
1059 779 1147 844 quem

149 848 344 933 Syracusani
370 846 589 912 Theoractum
619 851 751 932 vocant3
782 847 840 932 qui
869 847 940 913 illia
972 847 1040 912 eius
1067 845 1148 912 modi

148 942 212 1022 est,
242 940 280 1003 ut
308 957 383 1001 cnm
412 935 505 1020 pueri
532 937 709 1019 sectentur,
739 939 778 1000 ut
806 957 933 1020 ornnes,
965 957 1039 1002 cum
1065 934 1147 1019 loqui

148 1025 264 1112 eoepit,
286 1023 458 1089 inrideant.
498 1020 603 1088 Huius
621 1027 731 1088 tamen
753 1023 890 1107 insania,
913 1045 997 1108 quae
1019 1023 1148 1088 ridicula

148 1119 200 1180 est
235 1113 321 1196 aliis,
357 1111 439 1176 mihi
473 1114 545 1176 tum
581 1111 721 1176 molesta
752 1133 829 1176 sane
861 1111 938 1195 fuit3
973 1133 1052 1178 nam
1082 1133 1148 1177 cum
1159 1127 1179 1168 1⁰

148 1225 282 1288 spumas
309 1203 422 1287 agerat
448 1200 484 1265 in
510 1221 579 1283 ore,
608 1199 710 1264 oculis
738 1200 879 1283 arderet,
908 1220 988 1266 voce
1015 1200 1149 1266 maxima

148 1292 216 1357 vim
241 1311 293 1356 me
315 1289 380 1354 sibi
403 1287 529 1354 adferre
551 1288 720 1371 clamarat,
748 1288 893 1372 copulati
914 1288 950 1353 in
972 1289 1024 1353 ius
1047 1309 1149 1372 perse

96 1391 147 1442 149
166 1380 283 1444 nimus.
323 1376 386 1442 Hic
405 1397 466 1462 ego
484 1377 649 1460 postulare
668 1376 768 1461 coepi,
790 1379 828 1440 nt
846 1375 928 1442 mihi
945 1376 1077 1442 tabulas
1100 1376 1149 1442 ob

148 1467 279 1552 signare
297 1487 336 1530 ac
354 1464 525 1549 deportare
543 1464 668 1548 liceret3
689 1463 746 1528 ille
765 1468 880 1530 contra
898 1464 1013 1549 dicere,
1035 1485 1148 1551 negare

148 1575 219 1620 esse
245 1552 329 1618 illud
356 1555 489 1618 senatus
517 1553 713 1640 consultum,
739 1552 775 1617 in
800 1574 864 1637 quo
888 1556 1023 1636 praetor
1044 1553 1148 1638 appel·
1159 1569 1179 1609 1⁵

147 1643 236 1708 latus
255 1644 351 1725 esset,
367 1660 488 1726 negare
505 1640 539 1704 id
558 1641 639 1705 mihi
655 1640 743 1706 tradi
760 1645 919 1725 oportere.
955 1640 1030 1728 Ego
1048 1643 1147 1728 legem

147 1732 298 1814 recitare,
324 1729 469 1795 omnium
497 1729 579 1794 mihi
604 1729 791 1794 tabularum
818 1733 851 1794 et
876 1730 1063 1796 litterarum
1083 1727 1148 1794 deri

148 1823 346 1906 potestatem
372 1822 537 1903 oportere,
563 1817 621 1882 ille
647 1817 789 1882 furiosus
811 1839 929 1904 urgere
950 1819 1035 1884 nihil
1057 1818 1147 1883 adse

147 1912 278 1974 nostras
312 1907 402 1993 leges
434 1904 603 1991 pertinere.
647 1904 784 1971 Praetor
812 1906 1009 1993 intellegens
1035 1927 1147 1992 negare

149 1997 212 2062 sibi
234 1997 370 2082 placere,
393 1994 479 2079 quod
502 1997 633 2059 senatus
656 1994 840 2060 consultum
862 1998 973 2060 ratum
996 2015 1067 2060 esse
1087 2013 1179 2059 nono

148 2085 292 2166 deberet,
314 2082 422 2146 idme
444 2081 584 2146 Romam
607 2082 787 2167 deportare.
828 2080 912 2158 Quid
934 2084 1062 2149 multa?
1090 2082 1147 2147 nisi

146 2169 369 2237 vehementius
388 2169 512 2233 homini
531 2169 673 2234 minatus
691 2191 804 2256 essem,
825 2171 891 2236 nisi
909 2172 994 2256 legia
1017 2171 1145 2238 sanctio

146 2277 450 2412 theusthes}
467 2255 879 2412 “dimittitur
902 2260 984 2362 mini
1006 2264 1144 2413 ¹³3&th

146 2427 429 2502 rehementissime
448 2437 561 2500 contra
579 2456 631 2499 me
649 2369 1069 2522 declamasset,'pddtqdad1
1086 2456 1144 2500 non
1155 2453 1176 2492 u

147 2522 333 2610 inpetravit,
347 2521 451 2606 credo,
464 2525 502 2587 ut
514 2522 547 2587 in
563 2523 704 2608 gratiam
717 2545 843 2589 mecum
857 2525 987 2609 rediret,
1005 2525 1143 2590 libellum

147 2613 229 2678 mihi
256 2611 326 2693 dat,
351 2610 386 2675 in
413 2631 476 2694 quo
504 2610 599 2675 istius
625 2610 716 2676 furta
742 2609 946 2696 Syracusana
971 2613 1143 2698 perscripta

148 2704 254 2785 erant,
282 2719 363 2783 quae
391 2719 453 2783 ego
477 2702 574 2763 antea
595 2698 661 2764 iarn
685 2699 727 2764 ab
750 2700 824 2765 aliis
847 2721 1027 2787 cognoram
1048 2705 1081 2766 et
1101 2721 1143 2764 ae

147 2810 305 2875 ceperam.

95 2845 146 2972 {70
214 2876 361 2942 Laudent
383 2878 417 2977 te
439 2874 506 2940 ianr
529 2896 606 2941 sanc
624 2874 820 2960 Mamertini,
843 2877 997 2961 quoniam
1020 2899 1060 2944 ex
1079 2879 1174 2942 uus

147 2963 949 3138 editt?etot?,erzhthutgttss'h
971 2970 1143 3138 ztfttt

146 3139 194 3203 ita
216 3139 359 3224 laudent,
384 3143 423 3203 ut
446 3138 486 3204 ad
509 3162 555 3223 ea,
579 3160 660 3224 quae
683 3141 793 3226 rogati
815 3145 919 3227 erunt,
941 3142 1023 3208 mihi
1045 3139 1143 3229 parati

147 3225 213 3290 sint
244 3227 447 3312 respondere.
497 3227 546 3294 Aa
576 3249 617 3292 ne
649 3228 757 3294 subito
786 3251 806 3294 a
832 3251 884 3294 me
916 3230 1142 3316 obprimantur,

146 3313 225 3375 haec
240 3333 311 3376 sum
325 3318 512 3398 rogaturus:
533 3337 648 3380 navem
661 3317 783 3401 populo
798 3317 947 3385 Romano
962 3319 1171 3384 debeantur&

145 3396 357 3462 Fatebuntur.
397 3401 651 3472 Praebuerintne
675 3408 828 3488 praetore
845 3405 1004 3472 O.Verre.
1045 3406 1141 3493 Nega·

143 3483 236 3575 bunt.
277 3481 529 3552 Aedificarintne
551 3511 668 3556 navem
691 3493 872 3560 onerariam
897 3495 1073 3561 maximam
1092 3515 1141 3579 pu·
