2402 3936
152 145 218 210 ³34
452 141 492 195 m
511 139 855 196 saumanicis.

151 285 363 371 iampridem
386 286 428 352 ad
450 286 571 351 crimen
594 284 738 368 aliquam
761 283 978 349 defensionem
998 283 1143 349 libertum

152 375 327 459 quaerere?
361 373 512 440 Libertus
531 378 565 438 et
583 394 735 439 accensus
754 376 829 437 tuus
848 376 881 437 et
898 372 962 436 tibi
984 394 1021 438 ac
1040 372 1144 436 liberis

151 464 217 528 tuis
250 462 401 528 omnibus
432 463 467 526 in
497 463 594 527 rebus
626 462 815 526 coniunctus
847 482 885 526 ac
912 482 1082 546 proxumus
1106 461 1148 524 ad

151 551 335 637 Apronium
356 551 483 634 scribit,
505 550 604 636 uolgo
628 570 698 614 esse
721 550 763 613 ab
787 548 936 614 omnibus
958 549 1007 615 ita
1028 549 1149 614 demon·

153 644 293 704 stratum
323 638 471 722 Metello,
502 638 565 704 tibi
588 636 769 722 Apronium
802 637 925 702 socium
953 636 990 702 in
1015 637 1177 703 <laumas

151 728 260 792 fuisse.
313 724 385 791 Fsc
422 743 522 792 semu
557 743 822 792 rmnonrrsrnn
853 741 1057 809 surranum
1088 742 1152 792 ns1

153 831 352 897 sunssuur,
375 831 407 880 s1
428 832 467 879 nr
489 831 640 881 vocure.
682 813 776 891 Quod
797 812 895 899 istuc,
917 835 977 898 per
999 813 1075 879 deos
1094 814 1153 878 im-

152 903 314 987 mortalis,
346 907 404 968 aut
431 925 495 986 qua
523 903 561 967 de
589 923 687 968 causa
715 901 890 967 excitatum
918 923 989 966 csse
1017 901 1152 967 dicamus

151 991 187 1056 in
204 994 349 1056 aratores
367 995 438 1057 tam
455 990 610 1055 infestum
630 989 738 1055 odium
758 993 855 1073 atque
877 989 1030 1055 tantum?
1054 989 1152 1064 Quan-

151 1084 221 1145 tam
252 1079 405 1145 iniuriam
424 1079 578 1145 «fecerunt
599 1077 696 1144 Verri
723 1082 884 1162 aratores,
911 1081 950 1142 ut
977 1099 1033 1144 ecs
1060 1079 1153 1142 etiam
1167 1095 1191 1134 ιο

151 1168 289 1233 libertus
317 1171 350 1232 et
377 1189 529 1234 accensus
553 1167 621 1232 eius
643 1170 713 1231 tam
736 1166 821 1230 irato
845 1165 954 1231 animo
978 1188 1017 1232 ae
1039 1167 1154 1231 litteris

151 1256 362 1341 insequatur?

99 1343 141 1409 68
217 1342 332 1428 Neque
350 1365 411 1430 ego
431 1344 528 1409 huius
549 1342 682 1428 fugitivi
704 1342 808 1426 robis,
829 1341 961 1426 iudices,
984 1343 1156 1428 epistulam

151 1432 352 1515 recitassem,
383 1432 448 1496 nisi
476 1432 526 1496 uti
553 1453 591 1496 ex
618 1453 657 1496 ea
682 1429 786 1495 totius
812 1429 958 1495 familiae
986 1436 1155 1516 praecepta

41 1519 48 1532 '
152 1523 185 1584 et
207 1519 359 1584 instituta
381 1524 415 1584 et
437 1519 641 1604 disciplinam
663 1518 911 1604 cognosceretis.
952 1519 1093 1604 Videtis,
1118 1524 1191 1584 uta

151 1611 283 1673 moneat
301 1606 496 1693 Apronium,
524 1607 640 1692 quibus
664 1607 760 1671 rebus
784 1629 821 1673 ae
842 1607 1033 1672 muneribus
1056 1629 1090 1672 se
1109 1609 1156 1671 in·

153 1696 258 1760 sinuet
277 1695 313 1760 in
334 1696 593 1761 familiaritatem
614 1693 748 1778 Metelli,
770 1694 940 1761 Volteium
962 1701 1156 1780 corrumpat,

152 1784 275 1850 scribas
294 1805 508 1868 accensusque
525 1784 631 1869 pretio
654 1782 802 1867 deliniat3
823 1804 863 1848 sa
884 1784 1054 1872 praecipit,
1075 1806 1157 1869 quae
1197 1845 1198 1852 ,

151 1872 246 1957 vidit,
270 1895 308 1938 ea
330 1876 441 1938 monet
464 1871 605 1937 alienum
627 1871 806 1953 hominem,
829 1892 912 1955 quae
935 1871 1025 1937 domi
1048 1872 1156 1937 didicit
1197 1855 1198 1938 l

100 1960 239 2113 sar
257 1959 1009 2114 lrrmrlamarrsrlrsul
1031 1961 1191 2124 sn·

151 2156 248 2219 quam
275 2135 392 2200 merito
420 2155 492 2198 sum
519 2135 623 2198 iratus
645 2132 795 2219 Metello,
820 2139 932 2201 tamen
954 2137 1049 2220 hacc,
1075 2159 1155 2222 quae

150 2243 228 2287 vera
264 2226 353 2306 sunt,
390 2221 503 2286 dicam.
552 2220 718 2307 Apronius
750 2224 858 2308 ipsum
890 2223 1062 2291 Metellum
1090 2247 1155 2291 nen
1196 2211 1197 2273 l

149 2308 270 2395 pretio,
300 2313 338 2374 ut
359 2307 509 2394 Verrem,
540 2331 608 2374 non
634 2312 796 2395 convivio,
822 2333 889 2376 non
917 2313 1067 2397 muliere,
1091 2335 1156 2378 non

151 2417 299 2463 sermone
330 2398 457 2483 impuro
490 2401 587 2482 atque
618 2399 768 2485 improbe
800 2404 913 2484 posset
943 2415 1186 2486 corrumperet

151 2486 267 2572 quibus
299 2487 396 2552 rebus
426 2508 494 2552 non
526 2487 646 2553 sensim
676 2492 772 2572 atque
800 2488 967 2555 moderate
995 2489 1037 2554 ad
1062 2490 1154 2554 istius

151 2575 327 2642 amicitiam
359 2575 559 2661 adrepserat,
592 2575 649 2640 sed
674 2575 766 2641 brevi
793 2580 940 2661 tempore
967 2582 1076 2643 tetum
1102 2579 1154 2643 hc

151 2665 271 2730 minem
288 2666 457 2748 totamque
475 2664 543 2730 eius
562 2668 749 2750 praeturam
766 2665 970 2749 possederat3
990 2667 1153 2732 cohortem

151 2756 260 2818 autem
283 2750 420 2836 Metelli,
448 2773 546 2836 quam
572 2756 681 2836 vocat,
708 2752 787 2837 quid
813 2756 884 2818 erat
906 2753 993 2838 quod
1016 2777 1154 2821 corrum-

150 2845 255 2926 peret,
279 2862 402 2925 exque
423 2844 666 2926 recuperatores
688 2841 724 2905 in
746 2844 908 2906 aratorem
929 2843 1016 2908 nulli
1038 2843 1184 2908 daban³⁰

100 2937 150 2988 159
169 2929 244 2993 tur?
285 2928 371 2994 Nam
399 2928 485 3014 quod
508 2929 621 2995 scribit
643 2929 769 2994 Metelli
790 2929 894 2994 filium
917 2952 1056 3015 puerum
1077 2953 1153 3010 esse,

150 3015 358 3084 vehementer
372 3022 473 3102 errat3
489 3017 656 3084 nonenim
673 3018 714 3083 ad
733 3039 844 3084 omnes
862 3022 1052 3103 praetorum
1070 3020 1152 3086 filios

150 3103 236 3168 idem
259 3105 365 3172 aditus
389 3111 473 3172 sunt.
510 3105 768 3190 O'limarchide,
790 3105 916 3172 Metelli
939 3111 990 3172 est
1011 3108 1100 3173 filius
1121 3109 1152 3171 in

149 3191 316 3276 provincia
337 3216 404 3258 non
426 3217 519 3279 puer,
547 3195 602 3260 sed
625 3194 812 3260 adulescens
834 3194 938 3260 bonus
963 3218 1001 3261 ac
1022 3197 1151 3281 pudens,
1193 3211 1194 3273 l

151 3279 267 3362 dignus
299 3282 358 3347 illo
390 3283 461 3347 loco
494 3305 532 3349 ac
562 3283 706 3367 nomine3
737 3287 844 3348 vester
870 3283 933 3348 iste
959 3305 1039 3369 puer
1065 3293 1181 3369 prae-³⁵

149 3367 294 3428 tentatus
321 3368 355 3431 in
380 3371 546 3451 provincia
569 3392 664 3454 quem
688 3371 882 3437 admodum
905 3371 1034 3457 fuisset,
1062 3372 1148 3453 [non]

151 3449 297 3533 dicerem,
321 3453 349 3515 si
366 3457 459 3536 pueri
478 3479 548 3522 esse
566 3459 658 3523 illam
677 3459 806 3543 culpam
828 3481 865 3525 ac
887 3481 953 3525 non
975 3460 1081 3544 patris
1103 3481 1149 3524 ex·
