2386 3938
160 161 203 226 92
353 159 424 214 PRO
443 159 473 226 Q.
488 157 618 215 ROSCIO
638 156 812 213 COMOEDO
832 156 974 212 ORATIO.

160 303 250 390 licet,
277 326 313 370 re
340 308 373 371 et
400 304 538 370 veritate
561 302 755 368 mediocrem
778 305 811 366 et
834 306 965 366 tenuem
988 322 1057 366 esse
1077 300 1154 365 inve

159 393 266 459 uictis.
306 392 442 478 Accepit
470 392 555 456 enim
578 411 694 476 agrum
716 391 919 475 temporibus
942 390 996 473 iis,
1025 411 1095 474 cum
1112 388 1154 452 ia-

161 485 270 548 cerent
282 482 389 568 pratia
402 481 621 567 praediorum,
640 478 696 563 qui
710 499 789 564 ager
802 501 906 563 neque
919 478 1034 543 villam
1051 477 1156 542 habuit

159 592 264 656 neque
283 592 322 636 ex
339 571 408 635 ulla
425 573 517 654 parte
535 568 598 633 fuit
616 569 738 651 cultus,
761 567 818 651 qui
835 588 921 631 nunc
938 567 1044 631 multo
1062 564 1157 651 pluria

162 663 220 743 est,
244 681 341 743 quam
358 661 435 723 tuno
452 657 524 722 fuit
559 655 674 740 Neque
691 655 725 720 id
744 660 795 720 est
812 655 939 720 mirum.
977 654 1061 719 Tum
1080 652 1180 718 cnim⁵

160 750 294 833 propter
312 746 359 810 rei
377 745 526 831 publicae
549 744 753 821 calamitates
776 743 921 809 omnium
943 743 1158 828 possessiones

162 839 255 900 erant
281 834 436 918 incertae,
466 854 552 898 nunc
581 833 675 898 deum
701 831 937 898 immortalium
963 831 1159 917 benignitate

162 922 306 988 omnium
323 921 473 987 fortunae
494 924 570 987 sunt
592 924 713 1004 certae3
735 924 807 986 turn
830 924 900 985 eret
923 941 1004 1006 ager
1027 919 1170 986 incultus

162 1011 231 1075 sine
262 1014 364 1095 tecto,
393 1032 480 1076 nuno
511 1012 561 1075 est
592 1009 792 1074 cultissimus
824 1031 897 1074 cum
925 1009 1054 1094 optima
1079 1007 1160 1072 uilla.

109 1110 143 1160 34
161 1099 416 1184 Verumtamen,
435 1097 587 1184 quoniam
600 1101 719 1162 natura
732 1100 805 1162 tam·
820 1096 993 1162 malivolus
1018 1117 1063 1181 es,
1077 1113 1179 1160 num-1

162 1211 258 1273 quam
291 1189 357 1252 ista
387 1192 421 1253 te
452 1186 603 1252 molestia
629 1189 663 1250 et
690 1207 767 1250 cura
793 1185 949 1250 liberabo.
998 1184 1160 1262 Praeclare

162 1298 256 1342 suum
283 1275 451 1362 negotium
478 1275 581 1360 gessit
607 1273 758 1356 Roscius,
789 1273 925 1339 fundum
952 1272 1161 1340 fructuosissi-

161 1387 250 1429 mum
278 1363 428 1446 abstulit3
455 1363 533 1447 quid
556 1362 596 1427 ad
619 1362 675 1427 ter
715 1361 818 1428 Tuam
840 1366 969 1448 partem
994 1361 1161 1442 dimidiam,

136 1481 139 1486 ·
163 1474 258 1536 quem
282 1451 477 1516 admodum
499 1449 563 1535 vis,
586 1450 702 1516 decide.
742 1449 853 1516 Vertit
875 1451 928 1516 bic
951 1449 1113 1516 rationem
1134 1452 1161 1512 et

161 1540 203 1622 id,
222 1539 308 1623 quod
323 1539 462 1624 probare
480 1560 548 1603 non
565 1542 684 1625 potest,
701 1539 824 1624 fingere
843 1543 989 1604 conatur.
1018 1537 1079 1603 ‘De
1097 1541 1161 1602 tota

161 1626 222 1711 re',
244 1627 365 1712 inquit,
388 1625 574 1691 ‘decidisti'.

227 1715 316 1802 Ergo
335 1716 398 1780 buc
416 1715 567 1780 universa
584 1737 682 1781 causa
700 1715 875 1801 deducitur,
897 1720 1008 1780 utrum
1031 1714 1161 1780 Roscius

162 1827 234 1871 cum
256 1804 370 1871 Flavio
397 1802 435 1868 de
458 1826 517 1869 sua
539 1808 632 1888 parte
656 1825 698 1868 an
721 1804 759 1868 de
782 1804 1033 1870 totasocietate
1055 1802 1162 1868 lecerit

109 1904 142 1954 35
161 1895 354 1980 pactionem.
394 1891 481 1958 Nam
503 1913 563 1978 ego
586 1891 753 1975 Roscium,
776 1892 804 1957 si
827 1892 904 1976 quid
927 1892 1092 1959 communi
1114 1912 1162 1955 ne

162 1984 248 2048 mine
276 1981 401 2066 tetigit,
428 1981 584 2046 confiteor
610 1985 776 2065 praestare
804 1979 920 2046 debere
944 1980 1103 2046 societati.
1129 2015 1160 2026 -

162 2068 347 2152 Societatis,
381 2090 449 2133 non
479 2090 554 2132 suas
587 2068 662 2133 lites
693 2068 842 2152 redemit,
875 2091 948 2134 cum
980 2068 1117 2134 fundum
1147 2089 1163 2130 a

161 2157 275 2222 Flavio
305 2156 436 2240 accepit.
465 2188 507 2202 -·-
535 2154 619 2231 Quid
644 2157 693 2222 ita
719 2157 800 2222 satis
827 2178 893 2222 non
916 2157 1004 2222 dedit
1028 2156 1163 2241 amplius

163 2247 196 2325 [a
215 2247 262 2324 se]
280 2243 441 2308 neminem
460 2243 661 2328 petiturum?
699 2245 760 2322 Qui
783 2246 821 2311 de
843 2267 902 2310 sua
923 2249 1017 2330 parte
1041 2244 1163 2325 decidit,

162 2331 295 2416 reliquis
322 2331 485 2417 integram
514 2333 668 2417 relinquit
696 2335 869 2418 actionem,
902 2334 957 2417 qui
983 2354 1043 2418 pro
1070 2333 1163 2398 sociis

162 2420 325 2505 transigit,
349 2419 428 2485 satis
447 2420 504 2486 dat
523 2421 684 2486 neminem
707 2444 818 2488 eorum
835 2425 956 2506 ¹postea
978 2422 1063 2507 petit
1157 2469 1162 2482 .

163 2507 246 2583 Ouid
277 2508 325 2572 ita
352 2507 465 2573 Flavio
498 2508 562 2574 sibi
590 2531 703 2575 cavere
732 2531 798 2575 non
825 2510 913 2574 venit
939 2511 974 2574 in
1002 2509 1163 2575 mentem?

161 2595 326 2662 nesciebat
343 2596 494 2662 videlicet
507 2597 695 2682 Panurgum
713 2598 813 2664 fuisse
830 2598 866 2662 in
883 2599 1048 2664 societate.
1083 2595 1164 2664 Scia

162 2685 228 2749 bat.
282 2683 457 2750 Nesciebat
492 2684 652 2754 Fannium
687 2684 805 2752 Roscio
845 2709 914 2752 esse
952 2686 1081 2752 socium.
1125 2721 1163 2732 -

161 2771 345 2857 Praeclare3
371 2795 448 2838 nam
473 2773 536 2837 iste
559 2795 631 2838 cum
655 2796 693 2840 eo
715 2775 808 2840 litem
831 2778 1048 2841 contestatam
1069 2774 1164 2840 habe

109 2871 143 2922 36
161 2862 228 2926 bat.
269 2861 334 2928 Our
361 2862 463 2948 igitur
488 2861 606 2927 decidit
629 2865 662 2926 et
682 2883 749 2928 nou
770 2864 983 2947 restipulatur
1004 2862 1163 2929 neminen

163 2951 302 3034 amplius
329 2951 540 3035 petiturum·
560 2972 617 3015 cur
643 2950 682 3016 de
709 2950 808 3017 fundo
837 2952 962 3016 decedit
988 2957 1022 3017 et
1048 2951 1163 3017 iudicio

161 3058 228 3102 non
256 3038 459 3104 absolvitur?
491 3060 547 3104 cur
573 3041 643 3103 tam
670 3039 819 3124 imperite
844 3040 936 3125 facit,
963 3044 1001 3106 ut
1021 3062 1081 3105 nec
1103 3039 1163 3104 Ro

163 3123 264 3188 scium
292 3126 503 3211 stipulatione
531 3126 647 3212 alliget
673 3148 776 3211 neque
799 3150 820 3193 a
841 3127 965 3194 Fannio
990 3129 1108 3195 iudicio
1133 3119 1185 3210 sel

110 3223 143 3272 ³7
163 3211 335 3277 absolvat?
370 3213 434 3279 nst
457 3214 519 3280 hoc
541 3215 682 3299 primum
706 3219 739 3280 et
761 3238 800 3280 ex
823 3217 1009 3282 condicione
1030 3217 1111 3282 iuris
1135 3211 1185 3280 et³

163 3320 201 3363 ex
220 3301 448 3366 consuetudine
467 3303 625 3369 cautionis
642 3303 866 3369 firmissimum
884 3309 917 3370 et
938 3305 1162 3391 gravissimum

162 3390 398 3471 argumentum,
417 3389 503 3472 quod
521 3411 582 3474 ego
601 3391 749 3475 pluribus
767 3393 875 3458 verbis
895 3395 1116 3478 amplecterer,
1138 3392 1162 3456 si

161 3492 227 3538 non
237 3473 302 3538 alia
312 3474 450 3539 certiora
460 3480 493 3539 et
502 3477 836 3546 clarioratestimonia
845 3482 878 3546 in
893 3503 991 3548 causa
1004 3481 1162 3548 haberem.
1184 3509 1185 3562 ᾗ
