2422 3952
339 187 415 244 OAP.
433 195 477 257 44,
495 195 529 246 es
548 196 564 256 s
582 197 729 248 rur-rea.
992 195 1034 262 73

49 349 129 392 suum
146 330 285 395 voluerit
307 331 465 417 conferre,
491 333 575 398 nihil
598 334 716 421 egerit3
741 357 837 400 nemo
864 342 914 402 est
941 339 1035 423 enim,

49 417 94 498 qui
112 418 232 483 neseiat
249 424 384 503 propter
402 421 659 506 magnitudinem
675 444 782 488 rerum
796 423 901 489 multa
913 426 1035 492 multos

42 506 146 584 purtim
167 507 270 586 invite,
293 509 414 592 partim
436 509 640 594 imprudente
662 510 697 575 L.
716 509 808 578 Sulla
826 513 1034 580 commisisse.

46 591 143 657 Placet
168 594 270 680 igitur
291 597 326 660 in
348 596 399 661 his
422 596 519 662 rebus
543 597 665 682 aliquid
687 599 905 682 imprudentia
927 615 1087 686 prae-131

26 681 144 746 steriri?
188 682 264 749 Non
285 684 402 769 pleuet,
424 685 555 770 iudices,
578 686 633 752 sed
654 708 785 753 neeesse
806 691 866 754 est.
904 688 1037 754 Etenim

46 767 227 854 siIuppiter
255 773 399 857 optimus
425 774 599 858 maximus,
626 775 715 840 euius
737 780 819 840 nutu
842 781 875 842 et
898 777 1036 844 arbitrio

45 857 163 942 eaelum,
178 862 267 924 terra
281 860 448 944 mariaque
460 866 627 948 reguntur,
643 883 738 948 saepe
751 865 1037 931 ventisvehemen-

45 943 166 1010 tioribus
181 950 238 1011 aut
250 947 472 1014 immoderatis
486 951 736 1035 tempestatibus
751 953 917 1019 aut'nimie
927 955 1035 1019 calore

46 1037 89 1096 aut
100 1033 300 1100 intolerabili
313 1037 435 1124 frigore
448 1037 635 1104 hominibus
653 1039 773 1123 nocuit,
790 1041 887 1106 urbes
906 1041 1035 1120 delevit,

20 1135 35 1174 1⁰
45 1119 139 1207 fruges
165 1123 320 1209 perdidit,
351 1147 488 1210 quorum
517 1126 601 1192 nihil
632 1126 766 1211 pernicii
797 1149 895 1193 eausa
926 1129 1035 1194 divino

44 1211 176 1295 consilio,
209 1211 265 1277 sed
291 1213 325 1278 vi
354 1213 426 1298 ipsa
457 1217 491 1278 et
521 1214 746 1301 magnitudine
777 1237 885 1280 rernm
911 1216 1035 1283 factum

43 1302 191 1384 putamus,
216 1304 251 1366 at
274 1305 388 1371 eontra
407 1302 590 1387 commoda,
617 1303 733 1387 quibus
759 1303 896 1388 utimur,
918 1305 1035 1370 lucem-

44 1407 103 1471 que,
125 1411 189 1473 qua
210 1387 362 1474 fruimur,
385 1390 613 1477 spiritumque,
636 1412 731 1475 quem
755 1392 909 1476 ducimus,
932 1393 972 1458 ab
997 1414 1035 1460 eo

44 1475 121 1540 uobis
149 1476 221 1541 dari
252 1481 350 1560 atque
381 1478 542 1562 impertiri
571 1479 729 1563 videmus,
762 1480 839 1564 quid
869 1481 1035 1562 miramur,

21 1561 160 1649 ludices,
185 1562 385 1651 L.,Sullam,
412 1589 485 1632 eum
512 1568 601 1633 solus
628 1589 697 1633 rem
719 1569 884 1652 publicam
906 1573 1035 1656 regeret

44 1651 202 1736 orbemque
216 1657 378 1720 terrarum
398 1655 594 1741 gubernaret
611 1655 801 1740 imperiique
820 1658 1035 1741 maiestatem,

45 1760 125 1821 quam
156 1743 256 1807 armis
290 1748 468 1828 receperat,
504 1744 633 1830 legibus
669 1745 888 1828 confirmaret,
925 1745 1035 1829 aliqua

44 1828 282 1895 animadvertere
296 1853 362 1896 nen
374 1832 540 1916 potuisse?
562 1831 626 1896 nisi
644 1830 706 1897 hee
724 1831 843 1896 mirum
865 1836 926 1915 eet,
949 1831 1035 1915 quod

44 1917 81 1981 vis
106 1918 214 1984 divina
241 1918 374 2004 adsequi
400 1941 466 1986 non
496 1920 614 2006 possit,
645 1920 674 1985 si
704 1919 737 1984 id
769 1939 860 1984 mens
892 1918 1036 1986 humana

20 2004 145 2090 laepia
165 2027 233 2072 non
255 2007 307 2072 sit.
352 2006 474 2073 Verum
495 2011 533 2072 ut
555 2008 635 2073 haee
657 2009 757 2074 missa
779 2006 907 2091 faniam,
934 2029 1087 2092 quae132

43 2093 95 2157 ian
114 2095 202 2160 faeta
224 2099 311 2178 sunt,
336 2117 374 2161 ex
395 2096 450 2180 iis,
473 2117 555 2180 quae
577 2118 662 2161 nune
685 2118 758 2160 eum
781 2095 920 2161 maxime
942 2096 1034 2180 fiunt,

43 2183 1034 2358 llttffltllltlulllt‘tutilllllttttl

43 2355 123 2422 Resei
144 2379 263 2424 nomen
282 2359 488 2426 deferendum
505 2359 632 2426 curavit
655 2360 731 2440 [hoe
748 2360 925 2446 iudieium],
944 2361 1033 2428 euius

22 2442 159 2512 thoneris
181 2467 280 2513 eausa
303 2470 453 2514 eeeusare
475 2469 510 2514 se
534 2447 615 2512 dixit
636 2446 774 2513 Erucius
797 2497 881 2514 ....

347 2537 483 2664 [Deeuqt
503 2557 566 2602 neu
582 2539 708 2664 pam]

96 2711 132 2776 In
157 2712 229 2778 vieo
256 2711 454 2794 Pallacinae]
482 2668 595 2795 Iudaea
626 2711 680 2776 ubi
706 2717 867 2780 cenaverat
894 2711 1033 2778 Roseae

46 2833 76 2844 -
97 2799 233 2866 Maxime
256 2801 386 2883 metuit]
410 2801 533 2867 Sullam
554 2800 674 2866 seruet.
698 2835 739 2847 -
764 2800 900 2866 Derivat
923 2802 1034 2864 tamen

46 2889 71 2948 et
92 2889 135 2954 ait
162 2890 211 2970 se]
237 2890 274 2954 id
298 2894 342 2955 est
367 2889 568 2972 arepim'euem
594 2907 684 2954 suam
710 2889 746 2954 iu
776 2889 876 2954 ulium
906 2887 1033 2954 deducit

24 2973 101 3041 uHoe
128 2979 209 3042 euim
235 2977 353 3044 dicebat
378 2977 608 3061 Clupeoponus:
642 2973 727 3042 ‘Neu
753 2977 829 3058 qula
857 2975 961 3052 timui,
992 2995 1032 3040 ue

44 3063 106 3128 uui
126 3065 301 3130 tollerentur
322 3065 402 3132 eona
418 3065 532 3144 Roscii,
555 3066 621 3132 ideo
643 3065 709 3130 eius
724 3063 854 3144 praedia
876 3063 1033 3149 derupta,

44 3153 84 3216 led
100 3155 173 3236 quem
194 3154 403 3238 aedificatam,
425 3156 461 3222 iu
489 3154 690 3222 Veientanam
710 3153 777 3218 ideo
803 3152 839 3216 de
859 3150 909 3218 bie
932 3157 1033 3220 baus-

44 3239 104 3304 tdi’
132 3241 302 3314 -Manu
332 3242 466 3328 praedia
496 3241 650 3328 praediis]
682 3238 839 3318 studiis,
870 3242 1033 3320 omasum,

45 3346 113 3406 uem
129 3331 172 3396 ad
189 3332 312 3396 niodum
330 3333 477 3398 dabimus:
496 3331 558 3412 ‘fae
575 3331 618 3394 ad
633 3347 763 3394 manum
779 3327 870 3396 ellum
882 3329 1031 3396 codieem’.

26 3429 72 3472 t·
93 3417 153 3483 Hie
176 3439 238 3507 ege
262 3419 372 3486 audire
394 3419 477 3485 istos
501 3418 610 3504 euplo]
632 3415 676 3482 Ia
693 3415 747 3482 boe
765 3418 862 3500 capite
879 3419 915 3483 de
928 3424 1032 3499 poletr-

46 3503 77 3566 b‘s
95 3505 281 3591 Obrysopeni
301 3508 454 3574 iuvidiam
471 3507 563 3589 xfuerit,
586 3510 622 3570 ut
642 3510 794 3572 enumeret
814 3506 938 3587 simula
958 3506 1031 3570 dett
