2422 3952
348 158 423 214 OAP.
442 166 547 216 el-ee
564 167 581 228 ὃ
599 167 712 218 88-94.
992 165 1032 231 61

43 308 160 369 accuset
177 325 240 387 ece,
261 325 330 370 non
347 304 463 386 deerit3
486 305 563 370 dum
580 304 695 372 civitae
719 307 790 389 erit,
813 307 930 376 iudicia
947 309 1035 376 fient.

43 391 166 475 Verum,
191 396 228 458 ut
255 392 347 476 coepi
370 392 487 476 dicere,
515 397 548 458 et
569 393 720 478 Erucius,
748 394 828 460 haec
849 396 879 460 ai
900 396 1035 464 haberet

42 480 197 564 incauea,
224 501 305 564 quae
328 481 593 564 commemoravi,
615 485 727 566 poeret
750 504 789 548 ea
811 484 958 567 quamvis
981 486 1036 552 diu

43 568 149 651 dicere,
181 571 213 633 et
244 589 321 654 ego,
351 568 485 651 iudices,
516 590 662 654 poeeum3
689 571 746 636 eed
776 570 811 636 in
842 571 950 638 animo
977 577 1036 655 eet,

23 671 126 739 aquom
144 656 187 722 ad
205 657 338 722 modum
355 661 431 722 ante
450 656 524 740 dixi,
547 657 662 723 leviter
681 659 824 724 transire
847 681 885 726 ec
906 663 1035 726 tantum

42 743 127 810 nodo
149 745 368 830 perstringere
390 765 489 810 unam
508 767 667 830 quemquo
689 768 773 829 rem,
795 750 832 812 ut
855 769 967 814 omnee
989 749 1036 814 in·

42 833 189 984 tellexgaut
203 853 255 897 me
268 854 336 898 nou
353 833 460 898 studio
479 854 639 918 accusare,
656 835 713 900 sed
732 834 839 901 officio
856 835 1034 902 defendere

125 921 199 986 ideo
231 921 334 1007 igitur
361 942 476 988 caueae
504 943 574 987 osee
600 923 793 1007 permultae,
824 943 907 1008 quae
933 925 1034 992 istum
1045 897 1088 1023 ἒξ

42 1007 248 1093 inpellerent3
265 1009 432 1075 rideamne
445 1031 539 1090 nunc,
556 1029 676 1094 ecquae
688 1011 828 1078 facultas
842 1012 1036 1097 emcipiendi

19 1096 182 1162 leucum
213 1096 322 1168 fuerit.
369 1095 436 1163 Ulii
467 1098 591 1164 occieue
623 1102 674 1162 eet
703 1097 774 1165 Sex.
802 1098 961 1166 Renum?
993 1137 1035 1148 -

42 1183 162 1250 Romae.
183 1219 221 1232 -·
243 1184 348 1261 Quid?
370 1189 417 1268 tu,
441 1185 478 1250 Τ.
491 1185 598 1270 Rosci,
619 1186 678 1251 ubi
695 1190 773 1252 tunc
791 1188 885 1254 eree?
908 1223 952 1236 -
973 1187 1037 1254 Ro·

42 1295 111 1337 mae.
155 1271 280 1338 Verum
307 1273 385 1357 quid
412 1273 454 1338 ad
475 1275 566 1339 rem?
598 1275 711 1339 etalii
734 1275 837 1340 multi.
867 1311 906 1323 -
936 1275 1036 1353 Quasi

42 1382 114 1426 nunc
139 1361 175 1426 id
202 1365 334 1448 agatur,
361 1361 433 1445 quie
460 1383 500 1427 ex
525 1365 620 1428 tanta
645 1363 851 1428 multitudiue
874 1364 1036 1448 occiderit,

43 1470 73 1512 ac
95 1471 161 1516 non
186 1449 250 1514 hoc
278 1454 465 1534 quaeratur,
491 1472 579 1533 cum,
605 1451 662 1534 qui
683 1451 808 1516 Romae
835 1452 879 1517 eit
902 1452 1036 1536 occieua,

22 1541 140 1603 tetrum
160 1537 391 1603 consimilius
415 1538 458 1602 eit
481 1538 523 1602 ab
545 1559 585 1603 eo
608 1559 679 1604 earo
702 1539 856 1624 ocenum,
880 1541 936 1624 qui
958 1541 1036 1608 aeci·

44 1625 112 1689 lune
136 1647 174 1691 eo
197 1630 344 1710 tempore
366 1625 489 1691 Romae
511 1626 621 1709 fuerit,
643 1649 686 1692 an
708 1628 750 1693 ab
773 1650 821 1711 eo,
844 1629 901 1713 qui
923 1628 1035 1695 multi·

44 1713 124 1778 annis
136 1713 277 1780 Romam
291 1713 422 1780 omuino
435 1736 502 1780 non
514 1715 694 1780 accesserit.
721 1716 795 1801 Age
807 1737 893 1781 nunc
912 1720 1035 1782 ceteras
1055 1730 1088 1777 93

44 1823 158 1886 quoque
176 1802 351 1868 facultates
374 1802 620 1868 consideremus.
660 1802 744 1868 Erat
765 1807 838 1868 tum
860 1803 1036 1870 multitudo

45 1889 230 1973 sicariorum,
247 1889 281 1954 id
295 1889 381 1974 quod
394 1890 660 1956 commemoravit
672 1889 819 1972 Erucius,
839 1893 871 1955 et
889 1890 1036 1956 homiues

25 1977 162 2063 ¹limpune
180 1977 417 2044 occidebantur.
453 1978 559 2055 Quid?
583 2001 621 2044 ea
639 1977 815 2044 multitudo
837 1997 920 2062 quae
944 1979 1037 2045 erat?

46 2065 167 2150 Opinor‚
195 2070 252 2131 aut
275 2087 398 2147 eorum,
425 2067 482 2151 qui
503 2067 538 2130 in
560 2067 655 2133 bonis
679 2070 772 2132 crant
794 2066 957 2151 occupati,
979 2071 1037 2133 aut
1123 2081 1126 2086 ·

46 2174 152 2238 corum,
171 2153 228 2238 qui
241 2153 286 2218 ab
298 2152 338 2218 iis
352 2153 621 2238 conducebantur,
639 2158 677 2220 ut
690 2155 832 2238 aliquem
848 2154 1036 2222 occiderent.

47 2239 72 2305 Si
96 2263 148 2308 eoe
175 2245 287 2327 putas,
319 2242 375 2325 qui
401 2242 543 2308 alienum
570 2243 779 2327 adpetebant,
811 2246 849 2309 tu
876 2264 910 2308 ee
937 2243 972 2309 in
999 2265 1037 2310 ee

47 2351 178 2414 remoto,
207 2330 264 2414 qui
288 2334 403 2396 nostre
429 2331 565 2416 pecunia
591 2331 681 2396 divae
707 2353 755 2414 ους
782 2331 833 2396 ein
856 2352 927 2414 coe,
956 2352 1036 2416 quoe

29 2419 92 2500 *qui
125 2419 248 2484 leviore
283 2418 412 2484 nomine
448 2419 629 2504 appellant,
668 2439 873 2504 percussores
909 2422 1038 2502 vocant,

49 2527 159 2590 quaere,
179 2507 217 2571 in
234 2506 325 2572 cuiue
342 2506 405 2572 fide
422 2506 490 2571 eint
510 2511 543 2572 et
565 2507 730 2590 clientela3
753 2507 833 2572 mihi
856 2507 958 2590 crede,
980 2506 1038 2573 ali-

50 2615 128 2676 quem
146 2595 186 2660 de
204 2593 359 2660 societate
377 2597 435 2659 tua
452 2594 607 2679 reperiam
629 2598 672 2677 et,
694 2594 846 2679 quicquid
863 2598 901 2661 tu
923 2599 1038 2660 contra

51 2681 165 2767 linaria
192 2682 227 2747 id
255 2703 328 2748 cum
353 2681 537 2748 defensione
559 2686 674 2748 nostra
696 2683 896 2766 contendito;
922 2682 971 2754 ita
992 2681 1038 2746 fa·

51 2771 153 2836 cdlime
179 2791 279 2836 cauea
300 2768 371 2836 Sex.
388 2769 488 2836 Rceci
514 2793 588 2836 cum
611 2775 670 2836 tua
692 2772 883 2837 conferetur.
927 2768 1037 2836 Dicae:
1057 2783 1091 2831 94

30 2856 130 2936 ’⁸‘de
155 2863 285 2944 postea,
313 2859 342 2924 ei
363 2857 487 2924 Romae
513 2858 661 2924 assiduus
681 2858 768 2924 feril’
810 2856 1037 2941 Respondebo:

53 2945 95 3010 ‘lt
111 2968 171 3034 ego
190 2947 323 3013 omnino
340 2967 406 3012 non
423 2945 492 3012 frri'
510 2983 555 2996 -
572 2945 692 3013 Fateor
709 2968 761 3013 me
780 2949 941 3012 sectorem
959 2965 1039 3029 eece,

52 3056 146 3102 cerum
164 3038 197 3101 et
221 3035 279 3100 alii
302 3034 406 3101 multi.
432 3069 470 3082 ·-
495 3034 542 3100 At
564 3057 635 3122 ego,
658 3038 695 3099 ut
716 3038 788 3100 tute
811 3033 932 3120 arguis,
955 3033 1039 3119 agri·

53 3125 106 3189 ecla
130 3127 163 3189 et
185 3123 335 3190 ruetieue.
362 3157 404 3172 -
432 3120 508 3188 Nou
530 3123 696 3205 continuo,
723 3123 752 3189 ei
775 3121 883 3188 mein
906 3142 1039 3208 gregem

55 3212 225 3278 sicanorum
246 3211 378 3294 contuli,
400 3231 473 3276 eum
495 3211 639 3277 sicarius.
663 3245 705 3258 -
727 3210 774 3275 At
798 3226 859 3296 ege
882 3208 1039 3295 profecto,

37 3302 92 3382 lqui
108 3321 148 3366 ne
164 3300 242 3365 novi
261 3299 390 3384 quidem
408 3320 603 3383 quemquam
621 3298 782 3382 sicarium,
804 3299 902 3384 longe
922 3298 1038 3364 abeum

56 3388 80 3452 ab
97 3390 163 3455 ciue
184 3387 273 3454 modi
295 3387 437 3452 crimino.
477 3387 645 3454 Permulta
668 3390 753 3468 eunt,
775 3407 857 3469 quac
880 3384 943 3451 dici
965 3406 1039 3469 poe·

21 3555 22 3570 χ
57 3482 121 3560 unt,
137 3497 238 3561 quare
251 3475 464 3562 intellegatur
478 3496 638 3542 summam
652 3475 714 3539 tibi
729 3471 920 3540 facultatem
938 3472 1038 3538 fuisse
