2386 3938
146 163 211 226 164
448 159 488 214 IN
507 160 535 216 C.
556 159 711 214 VERREM
728 158 807 214 AO'I'.
827 159 860 214 H.

144 304 287 392 migrare
315 325 350 370 se
377 303 498 372 diceret
520 305 612 370 velle.
656 304 786 389 Hospes
810 303 977 387 [Ianitor],
1002 305 1058 389 qui
1079 303 1146 369 nihil

145 394 380 481 suspicaretur,
402 394 537 477 veritus,
558 415 600 458 ne
624 393 701 478 quid
723 393 852 478 inipso
876 414 912 458 se
935 393 1147 474 offenderetur,

144 483 311 548 hominem
334 505 462 548 summa
483 482 517 548 ri
534 482 675 546 retinere
693 480 810 566 coepit.
844 479 922 559 Iste,
947 483 1003 566 qui
1020 481 1146 566 hospitis

145 571 349 657 relinquendi
362 593 494 636 caeream
507 570 649 655 reperire
662 591 729 634 non
741 573 864 654 posset,
878 569 944 634 alie
958 569 1022 634 sibi
1035 569 1148 634 ratione

146 662 234 728 viam
261 659 387 725 munire
420 659 461 724 ad
493 663 643 743 stuprum
674 657 794 742 coepit3
822 654 998 742 Rubrium,
1030 657 1167 722 delicias⁵

147 771 232 832 suas,
255 749 290 813 in
312 747 463 812 omnibus
487 747 556 812 eius
579 746 668 812 modi
681 746 785 810 -rebus
809 745 992 812 adiutorem
1016 767 1108 812 suum
1123 749 1149 808 et

146 836 321 921 conscium,
339 858 456 920 parum
474 837 563 901 laute
582 834 746 900 deversari
762 833 854 917 dicit3
873 834 915 898 ad
932 833 1148 899 Philodamum

93 933 128 982 6⁵
148 925 261 990 deduci
296 924 397 989 iubet.
447 924 538 1001 Quod
572 923 630 988 ubi
659 927 709 986 est
740 921 935 988 Philodamo
966 923 1148 1003 nuntiatum,

147 1013 281 1080 tametsi
329 1017 400 1079 erat
448 1014 595 1099 ignarus,
641 1013 798 1094 quantum
848 1009 913 1075 sibi
963 1031 1001 1078 ao
1051 1009 1147 1075 liberis

148 1104 215 1169 suis
241 1103 309 1168 iam
336 1107 407 1168 tum
436 1101 516 1166 mali
547 1099 814 1181 constitueretur,
845 1102 958 1164 temen
990 1099 1033 1164 ed
1063 1099 1175 1164 numo

148 1193 252 1274 venit,
281 1191 424 1257 ostendit
446 1210 564 1254 munus
586 1187 670 1252 illud
693 1209 786 1252 suum
808 1208 876 1252 non
899 1208 983 1271 esse3
1015 1209 1063 1271 sc,
1088 1207 1147 1252 cum

149 1301 227 1344 suae
248 1283 359 1364 partes
381 1281 490 1344 essent
507 1277 675 1368 hospitum
693 1275 960 1360 recipiendorum,
982 1279 1056 1341 tum
1071 1276 1147 1360 ipsos
1180 1311 1182 1349 3

148 1373 259 1433 tamen
277 1371 444 1452 praetores
463 1370 496 1431 et
515 1365 673 1449 consules,
695 1385 761 1429 non
779 1363 966 1449 legatorum
985 1364 1147 1444 adseculas,
1181 1411 1182 1436 ,

148 1456 291 1539 recipere
319 1455 432 1519 solere.
481 1452 562 1535 Iste,
595 1453 652 1536 qui
678 1473 744 1517 una
774 1450 953 1537 cupiditate
983 1455 1145 1538 raperetur,
1180 1466 1182 1530 ξ

148 1546 256 1607 totum
278 1542 367 1606 illius
390 1540 595 1626 postulatum
618 1561 812 1624 causamque
835 1540 996 1626 neglexit3
1019 1562 1076 1626 per
1091 1540 1182 1618 rint,

150 1630 190 1696 ad
217 1652 306 1714 eum,
337 1630 393 1714 qui
419 1629 562 1714 recipere
588 1650 656 1693 non
682 1629 834 1713 debebat,
860 1627 1024 1694 Rubrium
1051 1627 1146 1693 deduci

96 1720 138 1786 26
149 1718 331 1806 imperavit.
362 1717 425 1783 Hic
443 1716 665 1801 Philodamus,
687 1720 902 1801 posteaquam
916 1717 967 1782 ius
987 1738 1080 1782 suum
1099 1716 1145 1780 ob

149 1809 252 1874 tinere
275 1829 340 1873 non
362 1806 484 1892 potuit,
512 1809 551 1871 ut
573 1805 810 1871 humanitatem
834 1805 1146 1888 consuetudinemque
1181 1871 1182 1882 ,

149 1920 242 1964 suam
263 1896 431 1980 retineret,
453 1894 636 1960 laborabat.
681 1893 798 1978 Homo,
821 1893 877 1978 qui
901 1915 1031 1979 semper
1052 1891 1145 1975 hospi·
1171 1970 1176 1981 Ι

148 1986 329 2051 talissimus
348 1983 627 2066 amicissimusque
650 1985 836 2047 nostrorum
859 1981 1031 2047 hominum
1055 1979 1176 2047 existi-¹

149 2079 257 2138 matus
288 2076 386 2154 esset,
413 2072 520 2135 noluit
546 2070 650 2135 videri
675 2071 784 2156 ipsum
810 2069 906 2135 illum
928 2069 1087 2136 Rubrium
1109 2069 1145 2130 iu·

149 2162 236 2225 vitus
261 2160 391 2224 domum
415 2179 508 2223 suam
529 2159 703 2243 recepisse3
726 2158 898 2244 magnifice
922 2162 956 2224 et
979 2163 1098 2240 ornate,
1117 2158 1144 2217 ut

150 2251 220 2313 erat
239 2247 275 2311 in
292 2246 407 2331 primis
424 2246 510 2312 inter
529 2268 605 2312 suos
624 2247 783 2330 copiosus,
806 2246 991 2312 convivium
1010 2247 1144 2333 apparet

148 2338 245 2422 rogat
271 2334 444 2419 Rubrium,
471 2339 521 2418 ut,
549 2357 630 2419 quos
658 2335 688 2398 ei
715 2334 919 2401 commodum
948 2335 1005 2418 sit,
1037 2335 1144 2410 inritet,

148 2424 256 2490 locum
284 2423 347 2489 sibi
374 2422 450 2512 soli,
478 2424 506 2488 si
531 2423 693 2506 rideatur,
720 2423 898 2508 relinquat;¹
930 2423 1030 2488 etiam
1057 2422 1174 2487 filinae

149 2535 252 2598 suum,
275 2511 488 2578 lectissimum
507 2511 753 2596 adulescentem,
775 2511 865 2576 foras
884 2511 925 2576 ad
943 2513 1145 2597 propinquum

97 2622 131 2673 06
150 2625 244 2670 suum
259 2601 419 2686 quendam
433 2600 537 2665 mittit
551 2599 727 2665 aduenam.
759 2599 901 2664 Rubrius
914 2599 1011 2664 istius
1027 2598 1144 2665 comites

148 2691 281 2776 invitat,
309 2710 364 2755 cos
393 2710 503 2755 omnes
530 2687 650 2753 Verres
678 2688 831 2753 certiores
858 2686 952 2772 facit,
980 2687 1058 2773 quid
1079 2703 1143 2771 opus

150 2786 245 2846 esset.
289 2777 417 2844 Mature
439 2776 581 2860 veniunt,
605 2775 826 2842 discumbitur.
869 2775 923 2840 Fit
947 2798 1053 2842 sermo
1075 2777 1143 2838 inter

151 2891 205 2934 eos
229 2873 262 2934 et
289 2867 455 2950 invitatio,
480 2869 519 2930 ut
541 2864 663 2930 Graeco
692 2886 781 2930 more
804 2865 984 2950 biberetur3
1010 2865 1181 2946 hortatore

151 2955 280 3042 hospes,
302 2958 441 3042 poscunt
464 2953 642 3021 maioribus
661 2953 794 3038 poculis,
817 2953 1000 3019 celebratur
1018 2952 1144 3018 omnium

152 3065 298 3108 sermone
313 3044 504 3128 laetitiaque
519 3041 710 3107 convivium.
738 3041 956 3126 Posteaquam
966 3042 1047 3108 satis
1056 3040 1144 3106 calere

152 3151 203 3196 res
216 3129 340 3197 Rubrio
350 3132 421 3198 visa
434 3135 495 3196 cst:
511 3129 694 3214 ‘Quaeso',
708 3130 823 3214 inquit,
838 3129 1081 3213 ‘Philodamq
1092 3145 1144 3192 cur

152 3219 198 3282 ad
228 3239 297 3283 nos
325 3218 455 3284 filiam
484 3223 588 3285 tuam
618 3239 692 3284 non
721 3218 827 3284 intro
857 3220 988 3285 vocari
1018 3208 1144 3286 iubesl'

152 3303 274 3386 Homo,
303 3307 358 3389 qui
386 3311 419 3370 et
446 3328 572 3371 summa
599 3308 762 3392 gravitate
786 3307 964 3373 etiamid
988 3306 1099 3374 aetatis
1118 3303 1174 3363 el³⁵

152 3409 269 3472 parens
290 3394 388 3472 esset,
410 3393 569 3476 obstipuit
587 3394 728 3459 hominis
746 3395 887 3479 improbi
907 3395 1003 3460 dioto.
1034 3394 1143 3460 Instare

154 3473 304 3537 Rubrius.
328 3476 411 3540 Turn
420 3478 486 3558 ille,
499 3483 536 3542 ut
547 3481 669 3564 aliquid
681 3481 899 3567 responderet,
913 3483 1046 3569 negavit
1059 3477 1143 3547 moris
