2422 3952
356 167 432 224 CAP.
454 174 558 224 10-13
576 174 592 235 ὃ
610 175 724 226 29-36.
1005 173 1049 237 43

49 314 76 378 Is
104 335 175 379 oum
203 317 362 396 curasset,
334 313 429 378 tin
454 312 567 378 funere
594 311 630 379 Ο.
657 312 741 379 Meri
767 313 868 394 th
894 314 1051 383 Soeevole

48 403 276 485 vulneraretur,
305 401 356 467 vir
379 401 603 467 sanctissimus
627 405 725 486 etque
748 404 973 472 omsussimus
995 426 1051 472 no

49 496 126 556 strae
148 453 309 574 oiritetis,
331 491 371 554 de
395 490 485 556 ouius
509 489 603 555 leude
624 512 728 576 neque
750 491 805 558 hio
828 493 917 556 loous
941 497 1051 580 estut

49 580 142 644 multa
161 579 311 646 dicentur
328 599 433 664 neque
451 579 547 663 plura
568 583 681 646 temen
697 579 762 645 diei
783 584 931 664 possunt,
954 602 1051 664 quem

28 669 176 752 spopulus
209 666 376 732 Romanus
409 667 566 733 memorie
596 668 730 752 retinet,
702 668 848 734 tdiem
878 665 1051 735 Scaevolae

48 756 130 839 dixit,
158 759 376 841 posteaquam
405 755 584 840 comperit
591 777 664 821 eum
687 777 783 840 posse
806 757 923 822 vivere.
968 754 1051 824 Qum

48 845 81 908 sb
93 866 129 908 eo
146 847 367 930 quaereretur,
392 843 469 927 quid
486 843 619 909 tandem
637 849 845 910 eoouseturns
864 848 951 910 esset
970 867 1051 928 eum,

48 953 132 1015 quem
155 954 218 1016 pro
240 932 401 1017 dignitate
418 953 460 996 ne
478 931 613 998 laudere
632 931 761 1016 quidem
780 934 952 1018 quisquam
970 935 1051 1001 sutis

48 1020 205 1086 commode
237 1024 362 1106 posset,
395 1020 487 1086 siunt
519 1020 697 1099 hominem,
729 1025 767 1087 ut
800 1027 870 1086 erat
900 1021 1051 1106 furiosus,

20 1109 258 1194 erespmdisse:
277 1108 375 1193 ‘quod
390 1129 456 1174 non
469 1112 577 1174 toturn
591 1109 695 1174 telum
708 1128 843 1194 eorpore
856 1109 1051 1193 recepisset'.

48 1195 107 1272 Quo
129 1197 274 1284 populus
296 1196 462 1264 Romanus
486 1197 568 1262 nihil
592 1196 674 1262 vidit
696 1197 860 1282 indignius
882 1198 947 1264 nisi
970 1198 1052 1264 eius·

48 1286 109 1352 dem
139 1286 206 1352 viri
238 1290 391 1368 mortem,
428 1307 509 1369 quoe
545 1288 675 1351 tentum
711 1286 833 1370 potuit,
869 1290 906 1352 ut
940 1307 1051 1354 omnes

48 1375 121 1440 eires
152 1372 332 1459 perdiderit
360 1377 394 1438 et
422 1373 595 1457 adflixerit3
626 1395 707 1458 quos
736 1375 812 1458 quie
839 1394 967 1442 seruere
994 1396 1053 1459 per

22 1461 1106 1634 ,11121111’11111111111111111ῑέ·ι

51 1639 150 1706 num?
198 1639 341 1704 Aooueet
326 1639 370 1702 tis
394 1636 464 1703 Sex.
487 1637 649 1704 Roscium.
692 1638 776 1715 Quid
798 1640 868 1706 ite?
908 1638 992 1716 Quia
1015 1639 1053 1706 de

52 1729 192 1793 munibus
210 1727 330 1793 vestris
350 1727 472 1813 effugit,
496 1727 572 1811 quie
590 1749 625 1792 eo
643 1729 745 1796 oouidi
766 1749 883 1812 pessus
906 1750 973 1794 non
995 1733 1053 1794 est.

51 1814 139 1902 lllud,
167 1815 245 1900 quia
271 1816 306 1881 in
329 1813 485 1881 Scaevola
511 1814 634 1882 foetum
663 1819 728 1899 est,
754 1817 860 1901 magis
883 1815 1054 1900 indignum

51 1867 177 1988 videtin,
195 1904 267 1988 hoe,
287 1904 363 1988 quie
380 1905 418 1968 fit
433 1926 452 1970 e
466 1901 688 1990 Chrysogono,
706 1925 785 1969 num
799 1907 850 1968 est
862 1902 1053 1968 ferendum?

24 1991 127 2058 oNum
144 2014 204 2078 per
223 1993 299 2060 deos
318 1992 533 2058 immortales!
553 1992 631 2076 quid
649 1995 700 2057 est
717 1991 752 2056 in
770 1992 832 2058 heo
850 2012 947 2056 ceusu
968 1992 1054 2094 quod

52 2081 239 2148 defensionis
265 2080 433 2167 indigeat?
460 2081 516 2166 qui
539 2081 671 2146 loeus
661 2079 828 2167 mgeniurn
850 2079 983 2164 petroni
1005 2101 1054 2145 re-

53 2170 143 2252 quirit
162 2173 220 2236 sut
235 2169 375 2236 oratoris
390 2169 610 2253 eloquentiam
624 2189 745 2256 magno
759 2189 857 2254 opere
871 2168 1054 2234 desideret?

53 2256 159 2325 Totum
183 2278 329 2340 (ιιιιιιιιιι,
351 2257 481 2341 iudices,
504 2258 700 2342 explioemus
724 2261 822 2341 etque
844 2261 919 2324 ente
942 2258 1054 2324 oeulos

53 2347 225 2431 expositam
248 2345 500 2447 consideremus3
521 2345 571 2410 ite
588 2344 753 2429 facillime,
777 2367 859 2430 quse
878 2366 929 2410 res
948 2349 1055 2412 totum

27 2434 197 2501 siudioinm
231 2455 292 2500 eon
291 2434 408 2517 tineet,
444 2437 477 2499 et
510 2434 626 2536 quibus
659 2434 698 2499 de
729 2433 825 2500 rebus
857 2455 917 2500 nos
950 2433 1055 2500 dioere

55 2527 202 2608 oportent,
226 2526 260 2588 et
283 2522 359 2606 quid
381 2544 440 2590 voe
463 2523 554 2606 sequi
577 2522 763 2606 conveniet,
784 2522 994 2608 intellegetis

109 2611 188 2678 Tres
221 2614 299 2676 sunt
327 2633 393 2696 res,
426 2614 584 2695 qnantum
612 2631 672 2696 ego
701 2610 886 2676 existimare
911 2631 1105 2716 possum,35
1067 2589 1106 2652 ¹3

56 2721 125 2783 quse
152 2700 288 2767 obstent
318 2700 380 2766 hoe
412 2703 559 2785 tempore
587 2696 658 2764 Sex.
685 2698 804 2766 Rosoio
850 2699 972 2764 crimen
1002 2666 1105 2763 rid-³⁵

56 2790 263 2855 venetiorum
295 2791 328 2852 et
313 2787 496 2854 teudaeis
526 2792 559 2852 et
591 2787 750 2872 potentie.
824 2786 950 2852 riminis
982 2805 1056 2852 oon·

28 2876 207 2944 eletionem
236 2880 404 2943 aecusator
426 2874 563 2942 Erucius
587 2876 742 2962 suscepit,
770 2875 922 2942 eudeoiee
944 2877 1055 2974 portes

55 2963 150 3032 Roscii
178 2964 243 3030 sibi
270 2966 500 3050 poposcerunt,
532 2962 763 3051 Chrysogonus
794 2967 916 3046 eutem,
947 2961 1056 3046 isqui

55 3054 220 3136 plurimum
243 3057 362 3139 potest,
383 3053 533 3138 potentie
554 3056 688 3140 pugnet.
725 3052 775 3118 De
797 3051 886 3116 hisee
904 3049 1054 3117 omnibus

57 3143 138 3208 rebus
160 3163 214 3208 me
238 3141 343 3208 dicere
366 3145 517 3227 oportere
538 3141 705 3227 intellego
751 3138 834 3215 Quid
857 3139 958 3224 igitur
980 3138 1052 3204 eet?
1072 3159 1107 3208 31

57 3226 119 3296 llon
145 3231 259 3298 eodem
286 3230 382 3296 modo
412 3229 450 3294 de
474 3229 637 3313 omnibus,
664 3228 736 3294 ideo
760 3226 846 3312 quod
867 3227 974 3312 prima
996 3227 1056 3292 ille

33 3335 99 3382 eres
123 3319 164 3385 ed
191 3339 300 3386 meum
329 3317 471 3385 officium
494 3279 650 3404 pertinet,
622 3316 757 3382 tdues
781 3319 890 3382 eutem
912 3315 1054 3399 reliques

60 3407 138 3472 vohis
160 3407 302 3493 populus
325 3405 489 3472 Romanus
494 3342 683 3558 pimposuit3
704 3423 766 3490 ego
785 3403 907 3470 orimen
924 3405 1055 3486 oportet

62 3492 178 3582 diluam,
210 3515 269 3562 vos
302 3499 336 3562 et
321 3495 515 3562 teudeoiee
544 3495 694 3559 resistere
722 3496 755 3556 et
783 3490 951 3556 hominurn
983 3489 1052 3552 eine
