2386 3938
351 169 429 224 one·
443 176 547 226 10-1a
566 175 581 236 c
600 175 714 226 so-ec.
974 173 1037 238 133

53 310 80 374 in
104 311 290 396 explicandis
318 312 506 380 criminibus
534 335 666 398 operam
693 335 928 399 consumerem,
953 338 1038 383 nunc

54 398 185 482 quonism
209 421 356 486 pugnare
382 405 496 467 contra
523 423 575 466 me
602 401 778 468 instituisti
803 423 869 468 non
898 407 968 470 tam
999 426 1039 472 ex

53 491 97 550 toa
107 491 218 552 natura
232 510 330 572 quam
343 510 381 554 er
394 490 490 556 istius
504 493 650 574 tempore
669 494 704 554 et
722 512 820 558 causa
838 491 1038 576 [malitiose],

52 595 160 640 necesse
186 581 237 641 est
263 575 359 642 istius
386 577 474 643 modi
500 577 621 643 rationi
648 579 758 662 aliquo
786 578 922 646 consilio
950 579 1038 645 obsi-

34 665 126 728 rstere.
169 662 239 730 Tua
265 665 350 730 ratio
377 669 441 750 est,
466 669 505 730 ut
527 665 701 732 secundum
724 667 818 734 binos
839 667 935 733 ludos
958 667 1038 734 mihi
1056 681 1089 730 et

52 751 223 834 respondere
245 751 396 836 incipias,
418 775 509 838 mea,
531 757 568 818 ut
591 757 666 818 ante
688 755 812 839 primos
835 755 928 822 ludos
952 777 1037 822 com-

50 839 243 922 perendinem.
293 839 346 904 Ita
376 839 446 925 fiet,
477 844 514 907 ut
546 845 603 906 tua
633 841 698 906 ista
723 844 808 910 ratio
836 843 1038 914 existimetur

51 929 147 1012 utute,
168 950 279 994 meum
300 928 363 996 hoc
384 928 556 994 consilium
577 931 803 996 necessarium.

98 1013 215 1082 Verum
242 1015 339 1096 illud,
367 1016 453 1100 quod
478 1016 685 1084 institueram
713 1019 831 1102 dicere,
860 1020 940 1085 mihi
969 1017 1089 1086 rem12

24 1107 136 1168 utacum
162 1126 247 1188 esse,
276 1103 372 1170 hmus
395 1103 483 1169 modi
506 1109 564 1170 est.
609 1104 682 1192 Ego
705 1127 777 1172 cum
799 1107 884 1174 hanc
907 1129 1038 1174 causam

50 1187 210 1258 Siculorum
238 1196 359 1280 rogatu
384 1192 578 1277 recepissem
605 1193 701 1278 idque
729 1193 810 1262 mihi
838 1196 982 1279 amplum
1005 1201 1038 1262 et

48 1280 230 1362 praeclarum
255 1279 500 1366 existimassem,
523 1302 579 1348 eos
599 1282 684 1348 velle
701 1304 793 1348 meac
810 1282 886 1349 fidei
904 1283 1037 1370 diligen-

49 1366 154 1452 tiaeque
175 1369 359 1454 periculum
375 1368 491 1453 facere,
514 1369 570 1452 qui
586 1370 790 1438 innocentiae
809 1371 1036 1438 abstinentiae

49 1477 95 1537 que
116 1456 284 1540 fecissent,
311 1460 381 1524 tum
408 1461 561 1541 suscepto
587 1458 720 1544 negotio
748 1459 852 1526 maius
885 1460 1036 1544 quiddam

24 1543 283 1633 antiptoposui,
296 1545 403 1629 inquo
414 1567 520 1612 meam
530 1545 565 1610 in
574 1568 643 1612 rem
656 1547 820 1632 publicem
834 1549 1037 1615 voluntatem

49 1633 163 1716 populus
186 1633 356 1702 Romanus
378 1634 560 1718 perspicere
581 1638 702 1720 posset.
742 1634 829 1702 Nam
851 1637 934 1702 illud
956 1637 1037 1702 mihi
1055 1649 1088 1700 co

49 1740 231 1808 nequaquam
246 1720 381 1808 dignum
394 1722 555 1789 industria
568 1727 749 1807 conatuque
768 1745 839 1790 meo
857 1725 1037 1810 videbatur,

48 1806 126 1874 istum
148 1833 168 1876 a
191 1831 246 1876 me
270 1810 306 1876 in
326 1809 479 1877 iudicium
500 1811 568 1876 iam
591 1811 736 1876 omnium
753 1811 872 1876 iudicio
891 1811 1037 1878 condem·

48 1901 138 1962 ustum
164 1897 292 1981 vocari,
318 1897 382 1962 nisi
409 1899 473 1964 iste
499 1903 557 1964 tua
583 1898 800 1964 intolerabilis
827 1900 974 1982 potentia
1005 1903 1038 1966 et

23 1995 74 2047 ”ea
96 1986 268 2070 cupiditas,
296 2008 360 2070 qua
386 2009 445 2072 per
471 1986 568 2053 hosce
592 2007 694 2052 annos
714 1987 752 2052 'in
774 1985 967 2070 quibbsdanr
989 1987 1037 2053 iu-

49 2071 118 2138 diciis
139 2097 219 2140 usus
244 2095 289 2158 es,
312 2073 411 2139 etiarn
433 2075 470 2140 in
486 2075 585 2140 istius-
599 2070 740 2140 hominis
760 2075 922 2160 desperati
941 2085 1038 2142 causa

48 2159 296 2248 interponeretur.
340 2161 436 2228 Nunc
461 2184 553 2247 vero,
584 2164 737 2248 quoniam
763 2164 844 2230 haec
871 2167 904 2230 te
932 2165 1038 2232 omnis

48 2247 204 2317 dominatio
228 2271 430 2336 regnumque
453 2250 643 2316 iudiciorum
666 2257 759 2319 tanto
783 2273 879 2337 opere
898 2253 1038 2320 delectat

48 2339 72 2398 ct
83 2343 148 2404 sunt
164 2339 326 2423 homines,
344 2361 425 2422 quos
443 2339 587 2404 libidinis
605 2339 821 2425 infamiaeque
839 2361 917 2406 suae
934 2361 1038 2426 neque

23 2426 441 2600 ‘ttttttttdssttt
456 2427 1038 2584 ttdtttttttttttdtt

945 2567 954 2602 i

49 2621 85 2664 ne
103 2605 260 2688 profiteor
279 2603 456 2688 suscepisse
474 2623 629 2688 magnum
647 2602 788 2670 fortasse
806 2627 887 2670 onus
907 2609 939 2670 et
956 2605 1038 2668 mihi

48 2690 261 2776 periculosum,
297 2713 414 2756 verum
446 2695 556 2756 tamen
590 2691 737 2776 dignum,
773 2693 807 2758 in
839 2715 902 2777 quo
926 2713 1037 2758 onmes

47 2795 142 2846 nenos
156 2779 280 2846 aetatis
297 2777 539 2863 industriaeque
557 2801 648 2844 meae
666 2781 900 2846 contenderem.
931 2779 1036 2855 Quon·
1056 2793 1088 2841 co

14 2862 97 2928 'diam
129 2872 222 2935 totus
258 2867 337 2933 ordo
374 2889 549 2952 paucorum
585 2867 796 2953 improbitate
832 2873 865 2932 et
905 2866 1038 2932 audacia

48 2956 187 3032 premitur
213 2959 246 3020 et
263 2960 398 3042 urgetur
415 2955 552 3022 infamia
568 2955 767 3040 iudiciorum,
790 2955 945 3040 profiteor
963 2954 1038 3021 huic

49 3044 139 3120 generi
160 3043 334 3111 hominum
356 3065 408 3108 me
431 3043 596 3110 inimicum
621 3048 854 3126 accusatorem,
882 3041 1041 3129 odiosum,

49 3129 212 3216 assiduum,
243 3132 394 3197 acerbum
426 3132 653 3199 adversarium.
712 3131 784 3196 Hoc
819 3130 900 3196 mihi
937 3154 1038 3214 sumo,
1157 3211 1158 3215 Ἰ

48 3212 93 3281 hoc
116 3219 200 3286 mihi
228 3220 378 3306 deposco,
410 3220 496 3304 quod
523 3242 619 3307 agam
647 3221 683 3285 in
712 3219 921 3305 magistratu,
952 3219 1038 3303 quod

26 3309 126 3388 icgam
154 3330 195 3374 ex
223 3329 266 3374 eo.
286 3309 373 3394 loco,
402 3329 441 3374 ex
468 3330 532 3392 quo
559 3330 610 3374 mc
637 3308 777 3394 populus
804 3307 969 3374 Romanus
1000 3330 1039 3374 ex

49 3387 103 3458 Kal.
119 3394 247 3462 Ianum.
263 3417 374 3463 secum
398 3418 495 3484 agere
518 3396 557 3462 de
579 3418 614 3461 re
636 3397 767 3481 publica
789 3417 826 3462 ac
845 3395 884 3460 de
901 3395 1039 3460 homini·

49 3475 94 3546 bus
118 3483 277 3569 improbis
298 3483 418 3568 soluit3
446 3484 508 3549 hoc
532 3506 648 3550 munus
671 3483 847 3551 aedilitatis
870 3504 962 3548 meae
983 3503 1043 3564 po*
1175 3531 1179 3568 ,
