2402 3936
332 183 400 238 LIB.
419 183 458 238 ΠΙ
490 184 568 239 ΟΔΡ.
587 190 656 240 6-8
674 191 690 252 5
710 191 821 243 14-21.
994 191 1058 255 277

41 327 266 411 minutarum,
296 347 377 412 quas
405 331 480 392 ante
507 332 695 412 quaestores
722 329 757 394 in
784 328 895 397 Sicilia
921 335 1059 402 vendere

40 417 277 499 consuessent,
308 414 431 480 Romae
463 416 638 481 venderent
670 417 839 502 legemque
870 419 924 484 his
952 423 1059 508 rebus,

41 525 144 587 quam
178 503 264 588 ipsis
296 503 472 588 videretur,
504 502 655 569 dicerent.
700 503 781 571 Cum
810 506 930 574 locatio
957 509 1060 594 fieret,

39 591 218 676 publicani
244 593 468 676 postularunt,
494 592 649 676 quasdem
676 614 727 658 res
752 597 789 658 ut
812 594 853 660 ad
875 595 983 681 legem
1005 598 1059 662 ad-

17 680 162 744 ederent
189 699 296 762 neque
323 684 434 745 tamen
460 702 481 745 a
507 680 622 744 ceteris
646 682 799 748 censoriis
822 683 951 769 legibus
973 707 1057 751 rece·

41 767 169 832 darent.
219 765 342 832 Contra
370 767 451 831 dixit
477 766 520 850 is,
552 768 608 851 qui
634 790 711 834 casu
738 773 809 836 tum
835 771 961 838 Romae
985 773 1058 860 fuit,

1 894 3 896 >
41 860 117 920 tuus
152 855 293 938 hospes,
320 854 453 938 Verres,
484 853 617 940 hospes,
640 856 795 942 inquam,
826 863 859 924 et
885 859 1057 927 familiaris

41 947 134 1027 tuus,
174 939 331 1008 Sthenius
362 942 415 1008 hic
446 941 686 1009 Thermitanus.
737 944 895 1012 Consules
927 971 1059 1015 oausam

42 1034 249 1116 cognorunt3
281 1052 353 1096 cum
384 1031 471 1096 viros
503 1031 677 1116 primarios
709 1037 806 1117 atquo
839 1036 1058 1120 amplissimos

8 1116 192 1184 scisitatus
221 1118 343 1183 multos
365 1118 399 1182 in
422 1119 594 1184 consilium
616 1120 841 1206 advocassent,
869 1122 909 1187 de
931 1124 1059 1189 consilii

41 1205 214 1274 sententia
236 1206 489 1290 pronuntiarunt
512 1229 546 1272 se
568 1208 642 1294 lege
663 1207 839 1275 Hieronica
861 1211 1057 1277 vendituros.
1076 1263 1096 1328 8

40 1295 136 1360 Itane
175 1293 279 1359 vero?
319 1294 563 1380 prudentissimi
593 1295 669 1379 viri,
704 1319 832 1363 summa
863 1299 1057 1401 auctoritate
1077 1341 1110 1390 19

40 1382 199 1468 praediti,
220 1381 338 1465 quibus
356 1387 488 1448 senatus
506 1383 616 1469 legum
635 1383 841 1450 dicendarum
859 1386 894 1452 in
912 1387 1057 1454 locandis

40 1468 270 1556 vectigalibus
284 1471 412 1536 omnem
428 1474 625 1555 potestatem
643 1473 839 1557 permiserat
853 1476 1058 1561 populusque

9 1574 29 1618 a
41 1559 198 1642 iusserat,
219 1554 327 1623 Siculo
340 1579 405 1624 uno
419 1563 588 1624 recusante
601 1582 674 1625 eum
689 1561 941 1647 amplificatione
958 1565 1059 1630 vecti-

43 1647 175 1734 galium
193 1666 315 1712 nomen
331 1645 525 1712 Hieronicae
547 1647 630 1733 legis
654 1653 780 1714 mutare
802 1651 991 1734 noluerunt3
1012 1657 1059 1737 tu,

42 1736 143 1800 homo
184 1733 315 1798 minimi
348 1734 490 1819 conmlii,
525 1735 647 1802 nullius
679 1737 898 1821 auctoritatis,
933 1739 1058 1802 iniussu

44 1823 164 1908 populi
188 1843 228 1886 ac
252 1826 383 1888 senatus
405 1825 478 1886 tota
495 1819 606 1888 Sicilia
627 1827 796 1889 recusante
820 1846 894 1890 cum
916 1825 1057 1891 maximo

43 1911 247 1976 detrimento
276 1913 372 1994 atque
399 1909 477 1974 adeo
502 1910 599 1976 exitio
622 1911 832 1996 uectigalium
854 1914 962 1977 totam
982 1911 1058 1976 Hie·

1 2000 195 2065 ,cronicam
225 1998 331 2082 legem
359 1997 543 2064 sustulisti?
587 1998 634 2062 At
661 2021 759 2083 quam
783 1997 891 2084 legem
913 2000 1058 2085 corrigit,
1077 2013 1110 2064 20

42 2085 183 2169 iudices,
213 2088 311 2168 atque
334 2085 413 2151 adeo
436 2089 540 2150 totam
563 2084 666 2151 tollit!
711 2086 910 2152 Acutissime
933 2092 966 2152 at
989 2087 1059 2153 dili·

44 2174 243 2260 gentissime
262 2173 430 2259 scriptam,
453 2195 535 2257 quae
558 2174 611 2238 lex
634 2175 783 2240 omnibus
807 2175 962 2241 custodiis
985 2176 1059 2242 sub·

43 2263 167 2329 iactum
182 2263 348 2326 aratorem
362 2261 537 2327 decumano
552 2261 695 2346 tradidit,
712 2268 868 2347 utusque
887 2263 922 2328 in
941 2265 1059 2351 segeti·

43 2351 103 2416 bus
115 2370 229 2434 neque
240 2348 276 2414 in
287 2349 370 2414 areis
382 2369 484 2434 neque
498 2349 533 2413 in
546 2349 672 2415 horreis
687 2352 817 2434 [neque]
831 2351 867 2416 in
879 2353 1058 2418 amovendo

12 2451 152 2524 unaque
166 2437 204 2502 in
219 2436 416 2521 asportando
431 2437 595 2502 frumento
615 2458 716 2522 grano
735 2459 799 2502 uno
817 2443 930 2523 posset
947 2445 1059 2506 arator

46 2528 114 2592 sine
134 2524 284 2590 maxima
301 2546 408 2610 poena
423 2524 574 2590 fraudare
593 2525 813 2592 decumanum.
854 2523 983 2613 Scripta
1006 2529 1058 2592 lex

43 2613 90 2679 ita
108 2613 291 2698 diligenter
310 2616 372 2696 est,
391 2615 430 2677 ut
447 2635 520 2678 eum
539 2612 708 2697 scripsisse
725 2636 766 2699 ap
791 2618 891 2698 areat,
914 2615 970 2699 qui
992 2614 1058 2679 alia
1119 2689 1121 2693 ¹

44 2701 227 2786 vectigalia
244 2721 310 2766 non
327 2700 477 2784 haberet,
498 2701 548 2766 ita
570 2704 677 2785 acute,
698 2705 736 2766 ut
759 2637 916 2787 Siculum,
938 2703 986 2766 ita
1009 2722 1058 2766 se·

44 2811 134 2874 vere,
161 2793 202 2854 ut
224 2792 414 2872 tyrannum,
436 2810 500 2873 qua
522 2788 597 2875 lege
618 2785 734 2854 Siculis
757 2794 868 2856 tamen
891 2811 984 2855 arare
1007 2809 1058 2852 ex-

13 2878 191 2961 spedireu
214 2897 291 2942 nam
308 2877 357 2942 ita
375 2877 549 2963 diligenter
571 2877 750 2943 constituta
772 2882 849 2943 sunt
870 2877 942 2941 iura
965 2875 1057 2940 decu-

44 2987 160 3047 mano,
187 2968 227 3028 ut
254 2968 364 3030 tamen
391 2965 432 3030 ab
460 2965 564 3030 invito
588 2968 717 3030 aratore
738 2965 813 3050 plus
837 2964 969 3029 decuma
991 2983 1058 3027 non

44 3055 163 3136 posset
185 3052 315 3118 auferri

111 3139 199 3208 cum
227 3138 307 3205 haec
335 3143 443 3206 essent
465 3139 513 3205 ita
536 3140 727 3223 constituta,
748 3139 867 3204 Verres
890 3141 942 3202 tot
965 3138 1057 3204 annis
1076 3139 1108 3190 21

45 3232 148 3313 atque
175 3227 257 3293 adeo
285 3228 424 3294 saeculis
451 3231 503 3293 tot
528 3227 680 3293 inventus
708 3230 771 3310 est,
803 3226 859 3311 qui
885 3225 966 3291 haec
992 3247 1058 3290 non

13 3317 279 3399 *commutaret
312 3316 368 3381 sed
400 3319 560 3381 everteret
588 3337 701 3400 eaque,
733 3336 815 3399 quae
841 3314 907 3379 iam
935 3313 990 3378 diu
1017 3313 1059 3378 ad

46 3405 191 3469 salutem
223 3403 385 3469 sociorum
412 3403 653 3486 utilitatemque
680 3402 903 3488 reipublicae
930 3422 1058 3486 compo·

47 3492 113 3557 sita
127 3495 381 3576 comparataque
400 3495 517 3576 essent,
536 3491 576 3557 ad
595 3512 671 3556 suos
689 3489 948 3575 improbissimos
964 3508 1058 3573 quae
