2402 3936
270 158 339 252 lrlB:
358 157 400 214 ΙΙΙ
431 158 510 216 GAP.
529 164 632 216 ta—cl
652 165 668 225 ἕ
688 165 834 216 116-120.
989 159 1053 225 317

48 301 101 370 HS
118 321 144 369 n
168 302 261 369 milia
282 302 433 370 tortasse.
472 302 545 368 Hoc
567 325 671 389 neque
695 303 842 388 exemplo
865 305 1054 389 cuiusquam

49 413 149 477 neque
180 392 251 458 iure
281 392 351 457 ullo
382 390 460 458 fecit
490 411 594 477 neque
621 413 693 458 eam
719 392 889 477 pecuniam
916 393 1053 477 rettulit,

49 502 148 566 neque
163 479 226 546 hoc
243 501 383 566 parvum
400 479 523 547 crimen
541 502 636 564 quem
655 480 696 546 ad
713 481 845 546 modum
864 478 1052 548 defensurus

50 570 103 654 sit,
124 568 226 636 bomo
249 568 421 653 quisquam
442 590 596 653 nmquam
617 568 826 655 excogitabit.

29 673 40 713 ι
112 657 207 734 Quod
225 679 298 724 cum
316 657 364 722 ita
380 657 435 739 eit,
453 656 550 723 audes
572 656 676 722 dicere
693 661 728 724 te
746 677 866 743 magno
885 657 1034 724 decumas
1055 669 1105 720 119

50 745 242 830 vendidisse,
268 767 342 811 cum
368 745 414 810 sit
439 745 646 830 perspicuum
672 748 706 810 te
733 746 820 813 bona
840 744 1054 830 fortunasque

51 838 214 900 aratorum
235 854 302 899 non
323 833 437 919 populi
454 832 603 918 Romani,
626 833 683 898 sed
703 834 754 899 tui
779 837 933 920 quaestus
956 855 1054 900 causa

51 921 252 988 vendidisse?
291 920 352 1007 Ut,
380 922 410 987 si
436 923 493 1007 qui
518 921 634 987 vilicus
662 943 702 987 ex
726 943 765 988 eo
787 921 901 1007 fundo,
928 922 985 1006 qui
1005 943 1053 988 se

51 1011 162 1076 startia
183 1010 267 1077 dena
288 1010 488 1094 meritasset,
512 1009 627 1076 excisis
650 1010 822 1076 arboribus
845 1032 883 1076 ac
904 1010 1054 1095 venditis,

22 1098 187 1185 campus
213 1099 350 1186 tegulis,
374 1098 605 1182 instrumento,
631 1120 747 1184 pecore
769 1098 970 1182 abalienato,
997 1099 1053 1164 do-

52 1189 134 1254 mino
153 1206 203 1253 xx
221 1187 314 1253 milia
329 1207 499 1252 nummum
515 1209 576 1273 pro
594 1203 619 1251 x
638 1187 774 1271 miserit,
796 1187 860 1252 sibi
878 1186 943 1252 alia
962 1207 1079 1271 prae·

52 1281 136 1342 terea
162 1280 294 1342 centum
319 1274 509 1359 confecerit,
535 1275 642 1360 primo
670 1275 818 1342 dominus
845 1275 980 1362 ignarus
1007 1274 1054 1340 in·

53 1363 277 1430 commodiani
295 1365 436 1450 gaudeat
457 1363 618 1449 vilicoque
641 1364 828 1449 delectetur,
851 1363 937 1449 quod
959 1367 1052 1428 tanto

54 1455 121 1538 plns
140 1452 205 1518 sibi
222 1452 378 1519 mercedis
397 1473 436 1518 ex
455 1451 555 1518 frmdo
579 1451 736 1520 refectum
758 1453 813 1536 sit,
835 1452 958 1537 deinde,
980 1474 1054 1520 cum

26 1541 188 1608 ¹⁵audierit
210 1562 265 1607 eas
287 1561 349 1626 ree,
372 1540 489 1625 quibus
510 1539 603 1606 fundi
624 1540 749 1607 fructus
773 1545 807 1606 et
828 1543 957 1608 cultura
975 1561 1054 1610 ‚con-

55 1631 180 1714 tinetur,
203 1633 330 1696 amotas
353 1634 386 1694 et
407 1628 566 1713 venditas,
588 1651 715 1695 summo
738 1630 898 1716 supplicio
920 1630 1053 1696 vilicum

56 1719 170 1784 afficiat
188 1721 222 1782 et
240 1739 348 1784 secum
366 1717 579 1784 meleretum
601 1721 708 1803 putet:
730 1718 808 1782 item
832 1740 875 1802 po
899 1716 973 1782 ulus
991 1717 1053 1782 Ro·

57 1829 172 1890 manus,
191 1828 265 1872 cum
278 1806 369 1872 audit
385 1805 489 1891 pluris
509 1806 658 1872 decumas
676 1805 858 1870 vendidisse
872 1741 906 1870 d.
916 1804 1053 1870 Verrem

57 1917 146 1978 quam
163 1894 463 1960 innocentissimum
480 1894 655 1978 hominem,
677 1893 729 1958 cui
750 1892 813 1958 iste
836 1892 1000 1975 succeseit,
1018 1890 1053 1958 Ο.

29 1981 265 2068 ”Sacerdotem
286 1986 382 2068 putat
400 2005 434 2048 se
457 1983 579 2049 bonum
601 1982 637 2047 in
657 1980 859 2047 arationibus
881 1979 1054 2046 fructibus·

58 2094 112 2156 que
134 2072 201 2138 suis
223 2071 376 2137 habuisse
399 2071 565 2138 custodem
589 2093 626 2136 ac
647 2070 793 2154 vilicum3
820 2091 893 2135 cum
916 2067 1053 2134 senserit

58 2160 149 2226 istum
175 2182 271 2226 omne
294 2160 547 2226 instrumentum
571 2162 750 2244 arctorum,
778 2158 887 2225 omnia
909 2155 1054 2224 subsidia

58 2249 260 2336 vectigalium
276 2247 469 2333 vendidisse,
490 2269 619 2314 ornnem
640 2269 732 2333 spem
754 2246 958 2333 posteritatis
980 2249 1069 2312 ava'

59 2337 127 2402 ritia
162 2359 222 2403 ma
258 2336 443 2420 sustulisse,
478 2336 642 2402 arationes
675 2340 708 2401 ct
743 2356 841 2422 agros
876 2334 1054 2422 vectigales

30 2431 197 2492 &vastasse
230 2429 327 2510 atque
354 2423 548 2508 exinanisse,
577 2424 687 2510 ipsum
713 2423 872 2490 maximos
900 2428 1054 2508 quaestus

59 2513 250 2598 praedasque
275 2513 404 2596 fecisse,
430 2512 601 2599 intelleget
628 2534 735 2578 secum
761 2533 831 2578 esse
854 2516 963 2578 actum
984 2531 1055 2595 pes-

60 2602 141 2686 sime,
152 2603 255 2668 istum
266 2607 376 2667 autem
387 2622 513 2667 summo
529 2600 687 2686 supplicio
699 2600 835 2686 dignum
846 2598 1055 2666 existimabit.
1064 2647 1107 2712 51

117 2689 210 2756 Unde
228 2711 308 2777 ergo
324 2690 388 2755 hcc
407 2689 556 2776 intellegi
573 2690 705 2775 potest?
740 2687 792 2754 llx
807 2689 871 2755 hoc
886 2686 1038 2770 maxime,
1058 2725 1109 2774 120

62 2779 137 2861 quod
154 2800 234 2865 ager
252 2778 446 2845 decumanus
463 2777 648 2864 provinciae
662 2775 792 2843 Siciliae
809 2779 943 2863 propter
960 2773 1055 2838 istius

32 2868 225 2934 ⁸⁰avaritiam
251 2867 397 2933 desertus
425 2871 485 2933 est.
528 2865 641 2950 Neque
667 2866 702 2931 id
730 2867 837 2932 solum
863 2861 993 2945 accidit,
1020 2865 1057 2926 ut

62 2952 202 3024 iiminus
226 2955 339 3021 multis
362 2955 449 3041 iugis
472 2959 612 3038 ararent,
635 2954 663 3019 ri
687 2955 742 3040 qui
764 2956 800 3019 in
821 2951 910 3038 agris
932 2971 1057 3016 reman-

63 3048 177 3130 serunt,
213 3044 269 3110 sed
302 3043 403 3110 etiam
434 3045 472 3108 ut
503 3043 659 3128 permulti
688 3042 867 3127 locupletes
898 3038 1057 3122 homines,

63 3133 163 3218 magni
190 3136 224 3198 et
251 3132 350 3218 gnari
377 3135 537 3216 aratores,
565 3152 662 3218 agros
686 3132 771 3196 latos
795 3150 832 3194 oc
853 3127 980 3194 fertiles
1003 3127 1057 3194 dc-

64 3226 195 3287 sererent
227 3225 378 3307 totasque
411 3219 572 3286 arationes
600 3219 868 3302 derelinquerent.
912 3214 951 3283 Id
977 3216 1057 3283 adeo

33 3307 130 3372 ⁸⁵sciri
158 3309 314 3375 facillime
345 3312 455 3395 potest
486 3331 525 3374 ex
555 3307 674 3373 litteris
706 3304 846 3392 publicis
879 3304 1058 3389 civitatum,

65 3400 225 3485 propterea
240 3397 326 3483 quod
339 3397 412 3484 lege
425 3395 600 3464 Hieronica
612 3417 765 3460 numerus
782 3399 948 3461 aratorum
967 3397 1058 3479 quot-

67 3485 147 3550 annis
173 3487 261 3574 apud
287 3485 501 3572 magistratus
528 3484 656 3571 publice
682 3483 904 3552 subscribitur.
944 3482 1058 3548 Recita
