2422 3952
354 159 431 215 css.
448 165 551 214 11-14
568 165 584 226 4
601 165 714 215 44-44.
995 159 1036 224 13

55 298 112 364 Ser.
127 300 286 368 Naevius?
315 323 379 386 que
407 303 445 367 de
472 324 507 367 re
534 302 754 368 controversia
779 301 850 367 est?
877 303 963 387 quod
985 307 1036 368 est

55 387 103 454 hoc
124 388 284 474 iudicium,
310 391 346 454 in
374 412 437 474 quo
462 390 528 456 ium
551 390 717 455 biennium
738 392 927 455 versamur?
959 391 1037 475 quid

54 477 157 561 negotii
170 479 302 563 geritur,
319 479 354 542 in
368 500 431 563 quo
450 478 507 544 ille
525 481 576 544 tot
595 483 628 543 et
646 478 729 542 tsles
748 478 836 544 viros
848 477 1036 564 defatiget?

54 562 204 632 Pecuniam
222 566 314 651 petit.
353 565 448 632 Nunc
470 566 629 652 denique?
660 587 773 631 reruni
797 569 910 630 tumen
931 570 1037 650 petst3

37 651 209 718 4441144444.
236 653 286 720 Ι)4
301 654 482 720 rationibus
497 658 529 719 et
543 654 771 720 controversiis
786 654 951 719 societatis
965 655 1038 718 vult
1054 665 1089 715 43

55 737 208 806 diudicuri.
244 739 333 826 Sero,
353 763 465 808 rerum
483 742 656 826 aliquando
675 745 798 826 tumen3
816 742 1037 808 concedamus.

55 825 149 910 ‘Non',
173 829 295 914 inquit,
322 828 371 895 ‘id
393 851 469 916 ugo,
496 828 531 896 Ο.
549 829 674 915 Aquili,
700 851 803 914 neque
829 830 864 895 in
892 852 930 896 eo
952 851 1037 895 nunc

54 913 155 981 laboro.
198 915 342 984 Pecunia
368 939 442 984 mes
467 922 520 984 tot
547 939 648 982 annos
675 917 779 983 utitur
804 917 840 983 P.
859 916 1036 993 Quinctius.

54 1000 153 1068 Utetur
170 1025 263 1088 sene,
280 1027 347 1071 non
364 1005 461 1090 peto?
493 1004 577 1081 Quid
592 1006 696 1092 igitur
713 1006 862 1092 pugnus?
881 1028 932 1090 sn,
951 1006 1037 1091 quod

29 1105 130 1175 usuepe
154 1093 268 1158 multis
294 1093 330 1158 in
356 1094 436 1159 loeis
464 1093 588 1177 dixisti,
619 1115 661 1159 ne
688 1094 724 1158 in
749 1094 881 1159 civitate
904 1094 960 1177 sit,
996 1115 1037 1158 ne

55 1176 140 1246 locum
165 1201 276 1264 suum,
303 1202 399 1265 quern
421 1181 525 1247 adhuc
547 1181 775 1247 honestissime
798 1181 953 1266 defendit,
979 1181 1038 1246 ob-

55 1266 147 1352 tineat,
176 1291 218 1334 ne
246 1274 433 1335 numeretur
463 1270 549 1334 inter
579 1270 684 1348 vivos,
716 1270 867 1335 decernet
898 1269 936 1335 de
966 1270 1037 1335 ritu

56 1357 80 1416 et
101 1357 294 1424 ornamentis
324 1357 391 1422 suis
421 1358 583 1442 omnibus,
620 1357 706 1443 apud
737 1357 875 1424 iudicem
906 1379 1036 1424 ouussm

55 1442 139 1523 priore
164 1445 238 1512 loco
266 1445 353 1512 dicut
380 1449 426 1530 si,
458 1467 629 1512 eumcum
657 1446 773 1531 orarit,
800 1450 873 1511 turn
901 1445 1037 1530 denique

31 1541 143 1596 drocen
167 1533 369 1600 accusatoris
394 1532 525 1600 audiet?
570 1532 675 1610 Quid?
702 1533 764 1599 hoc
787 1554 850 1618 quo
872 1533 1037 1619 pertinet?

57 1621 83 1680 ul
105 1620 184 1686 ocius
215 1621 260 1686 ad
285 1625 378 1687 tuum
404 1621 595 1707 pervenies?
634 1622 682 1686 At
710 1623 739 1686 si
765 1622 798 1686 id
824 1623 940 1706 velles,
970 1623 1037 1686 ism

57 1705 156 1787 pridem
171 1714 282 1776 sctum
302 1732 372 1775 esse
389 1713 528 1794 poterut.
559 1708 606 1775 Ut
624 1709 810 1776 honestiore
827 1710 946 1776 iudicio
965 1731 1037 1774 con·
1055 1718 1090 1768 44

58 1791 173 1862 lictore?
218 1797 269 1864 At
295 1799 364 1862 sine
391 1818 517 1863 summo
544 1799 664 1863 scelere
685 1797 722 1862 P.
741 1797 939 1880 Quinctium,
964 1817 1038 1880 pro·

57 1880 187 1966 pinquurn
208 1890 319 1969 tuum,
341 1886 487 1972 iugulare
509 1907 575 1950 non
597 1888 700 1970 potes.
740 1884 787 1950 Ut
808 1884 936 1949 facilius
959 1883 1038 1947 iudi-

34 1967 121 2036 scium
149 1974 212 2040 sit?
265 1974 312 2038 At
338 1995 440 2058 neque
468 1971 502 2038 0.
526 1974 676 2057 Aquilius
704 1972 742 2038 de
770 1971 876 2057 cupite
903 1970 1038 2036 ulterius

58 2055 171 2126 libenter
198 2061 337 2139 iudicet,
367 2065 401 2128 et
427 2060 463 2137 Q.
486 2061 681 2126 Hortensius
709 2065 822 2126 contre
849 2063 946 2145 ceput
972 2080 1039 2124 non

59 2141 145 2212 didicit
159 2149 275 2215 dicere.
307 2147 390 2224 Quid
406 2172 428 2215 4
444 2150 540 2216 nobis
558 2154 677 2232 autem,
695 2148 729 2214 Ο.
738 2148 860 2233 Aquili,
877 2145 1039 2213 refertur?

59 2228 204 2302 Pecuniam
218 2238 318 2323 petit3
358 2259 376 2303 e
400 2259 492 2302 umus
512 2234 629 2302 deberi.
658 2236 816 2302 Iudicium
833 2236 893 2300 fist
911 2236 1038 2319 stutim3

59 2338 107 2384 nou
127 2346 320 2392 recusemus.
395 2330 411 2390 t
438 2323 515 2410 quid
541 2325 730 2411 praeterea?
776 2323 811 2389 Si
833 2328 974 2407 veretur,
1000 2326 1039 2388 nt

38 2415 97 2505 ²ires
113 2411 226 2479 iudicio
249 2412 337 2480 fecto
359 2416 475 2498 purete
498 2413 556 2496 sit,
577 2413 754 2478 iudicatum
778 2412 862 2478 solvi
884 2412 966 2477 sutis
989 2433 1038 2477 se·

61 2497 148 2583 44144
169 2501 288 2586 quibus
307 2524 327 2566 4
343 2523 395 2566 me
413 2501 521 2567 verbis
540 2501 621 2566 sutis
645 2500 812 2586 acceperit,
834 2500 936 2566 isdem
958 2499 1038 2586 ipse,

62 2585 125 2663 quod
152 2593 242 2673 peto,
279 2589 360 2655 sctis
392 2587 454 2654 det.
499 2588 619 2654 Actum
650 2589 717 2654 ium
747 2592 857 2673 potest
889 2609 971 2670 esse,
1003 2586 1038 2652 O.

62 2669 161 2769 dquili3
173 2677 241 2744 ism
255 2680 292 2742 tu
305 2681 398 2762 potes
412 2677 570 2742 liberatus
584 2674 745 2742 discedere
759 2676 919 2759 molestis,
936 2693 1038 2760 prope

64 2755 154 2846 114444,
174 2787 242 2831 non
263 2765 387 2830 minore
410 2787 508 2849 quum
532 2764 709 2840 Quinctius.

41 2853 56 2892 ³⁰
127 2849 207 2927 Quid
232 2853 373 2940 agimus,
398 2851 576 2919 Hortensi?
608 2852 687 2937 quid
709 2853 747 2918 de
769 2851 831 2918 hac
854 2849 1090 2916 condicionem

65 2930 192 3006 diuinus?
241 2939 418 3007 Possumus
450 2941 623 3025 aliquando
653 2940 809 3026 depositis
840 2938 938 3004 ermis
969 2936 1038 3002 sine

65 3024 179 3101 periodo
196 3029 401 3096 fortunarum
420 3029 458 3094 de
477 3050 512 3094 re
534 3028 720 3114 pecuniaria
742 3024 943 3112 disceptare?
966 3046 1038 3111 pos·

67 3128 150 3180 umus
178 3117 226 3183 ita
256 3139 325 3184 rem
356 3121 504 3184 nostrum
534 3116 698 3201 persequi,
728 3119 766 3180 ut
795 3113 936 3180 hominis
963 3136 1039 3199 pro-

67 3196 153 3285 pinqui
168 3209 264 3290 caput
284 3206 445 3272 incolume
464 3226 533 3270 esse
556 3203 741 3290 patiemur?
764 3223 936 3288 possumus
959 3202 1039 3287 peti-

47 3285 126 3380 luris
140 3313 307 3376 personum
327 3315 451 3378 cupere,
474 3292 671 3358 accusatoris
695 3291 874 3376 deponere?
897 3288 1038 3372 ‘Immo’,

69 3377 161 3463 lnquit,
185 3380 258 3448 ‘ebs
286 3385 319 3448 te
347 3381 428 3447 setis
456 3380 625 3465 accipiem3
653 3399 713 3464 ego
741 3382 850 3444 autem
872 3378 935 3443 tibi
957 3376 1038 3441 sutis

70 3476 115 3526 nou
136 3466 232 3538 dubo?
277 3469 357 3546 Quis
383 3468 515 3536 tundem
542 3467 636 3533 nobis
664 3466 730 3531 ists
751 3467 823 3532 iura
842 3469 913 3530 tum
936 3483 1038 3544 sequa
1050 3474 1091 3534 14
