2404 3928
264 151 330 205 LIB.
344 151 385 206 ΠΙ
412 151 488 206 CAP.
506 157 610 208 88—90
630 158 645 218 ἓ
664 159 813 208 rol-210.
984 157 1049 222 355

28 293 182 378 populus
209 293 376 360 Romanus
409 296 553 361 onmium
584 296 753 362 nationum
779 319 847 363 11011
872 299 952 384 vim,
982 321 1050 365 non

30 404 144 467 arma,
167 404 236 448 non
258 383 394 466 bellum,
418 384 474 448 sed
497 385 617 468 luctus,
640 384 806 469 lacrimas,
830 387 1048 470 querimonias

29 492 101 534 non
131 474 252 556 potest.
297 469 337 536 In
365 471 432 537 eius
459 472 548 538 modi
574 495 609 536 re
636 495 674 538 ac
701 473 845 539 moribus
872 475 900 540 si
922 475 964 559 is,
993 477 1049 560 qui

31 558 98 622 erit
124 558 283 625 adductus
305 559 341 624 in
361 559 529 644 iudicium,
555 582 628 626 cum
651 561 833 626 manifestis
856 563 891 628 in
913 563 1048 650 flagitiis

1 679 5 698 »
31 647 218 732 tenebitur,
243 649 324 713 alios
348 648 459 714 eadem
482 648 596 715 fecisse
621 649 717 734 dicet,
740 649 791 714 illi
814 652 961 734 exempla
982 674 1049 718 non

32 735 190 820 deerunt,
225 736 273 800 rai
308 736 457 819 publicae
494 739 582 802 salus
615 738 729 822 decrit,
766 739 795 803 si
825 739 1049 824 improborum

32 823 197 908 exemplis
232 824 375 909 improbi
408 823 526 892 iudicio
564 847 601 890 ac
636 826 778 911 periculo
815 827 1049 894 liberabuntur.

32 911 177 977 Placent
196 912 289 978 vobis
308 913 476 978 hominum
498 935 614 997 mores,
635 915 744 998 placet
766 915 815 980 ita
838 918 908 1001 geri
930 918 1031 1004 magi-
1049 930 1100 980 208

33 1004 178 1084 stratus,
205 1004 243 1066 ut
265 1005 434 1087 geruntur,
461 1002 568 1086 placet
591 1002 695 1067 socios
719 1001 765 1068 sic
787 1005 934 1088 tractari,
963 1006 1049 1090 quod

1 1092 156 1174 tatastat,
188 1092 226 1154 ut
256 1111 315 1175 per
345 1090 426 1156 haec
454 1095 603 1174 tempora
629 1092 788 1158 tractatos
816 1092 955 1157 videtis?
992 1116 1049 1158 cur

33 1178 118 1242 haec
142 1199 165 1242 a
186 1198 240 1244 me
261 1199 360 1262 opera
383 1179 606 1250 consumitur?
635 1179 711 1262 quid
735 1178 876 1244 sedetis?
904 1201 960 1245 cur
982 1203 1049 1246 non

33 1266 69 1328 in
99 1265 211 1330 media
238 1266 384 1332 oratione
411 1288 484 1332 mea
511 1267 708 1353 consurgitis
736 1271 834 1352 atque
861 1267 1048 1334 disceditis?

33 1352 148 1418 Voltis
177 1357 286 1419 autem
308 1355 447 1420 istorum
470 1355 619 1422 audacias
643 1378 680 1421 ac
703 1355 853 1422 libidines
878 1357 988 1441 aliqua
1011 1379 1049 1422 ex
1129 1434 1132 1437 ,

35 1446 132 1526 parte
164 1442 333 1508 resecare?
365 1443 501 1508 desinite
533 1444 694 1527 dubitare,
726 1448 837 1510 utrum
864 1445 907 1510 sit
934 1446 1048 1511 utilius

2 1549 23 1588 a
35 1535 175 1616 propter
189 1531 311 1597 multos
324 1531 491 1617 improbos
510 1533 566 1597 uni
583 1555 715 1618 parcere
734 1555 776 1598 an
793 1533 889 1599 unius
907 1535 1049 1619 improbi

38 1618 202 1704 supplicio
223 1620 400 1685 multorum
423 1619 667 1706 improbitatem
688 1627 841 1687 coercere.
1036 1665 1101 1736 (90)

103 1707 254 1772 Tametsi
273 1730 354 1792 quae
372 1708 437 1774 ista
456 1713 532 1774 sunt
550 1709 698 1793 exempla
720 1711 920 1776 multorum?
944 1709 1030 1775 Nam
1049 1742 1100 1791 209

38 1817 111 1860 cum
139 1795 177 1860 in
203 1798 297 1861 tanta
323 1817 433 1881 causa,
461 1819 534 1862 cum
560 1798 595 1862 in
623 1797 756 1862 crimine
779 1799 919 1863 maximo
944 1799 1049 1864 dicia

38 1884 208 1948 defensore
240 1889 390 1969 coeptum
422 1889 472 1950 ost
502 1885 689 1950 factitatum
721 1907 790 1950 esse
823 1886 960 1971 aliquid,
995 1908 1049 1951 ex-

5 1975 175 2056 spectant
199 1970 237 2055 ii,
265 1972 321 2057 qui
343 1972 491 2058 audiunt,
519 1973 727 2058 exemplata
749 1979 857 2039 vetere
882 1975 1048 2059 memoria,

40 2083 76 2124 ex
93 2061 316 2126 monumentis
335 2083 372 2126 ac
391 2061 511 2126 litteris
529 2062 627 2147 plena
645 2061 828 2148 dignitatis,
851 2063 947 2147 plena
967 2063 1048 2128 anti·

40 2148 190 2232 quitatis3
222 2149 308 2214 haec
330 2149 416 2214 enim
443 2150 620 2235 plurimum
648 2151 755 2216 solent
782 2155 815 2216 et
843 2151 1047 2218 auctoritatis
1057 2149 1104 2215 90

38 2236 159 2302 habere
188 2236 230 2302 ad
256 2238 459 2321 probandum
487 2241 519 2302 et
545 2239 754 2305 iucunditatis
783 2241 824 2306 ad
847 2237 1048 2306 audiendum.

39 2325 213 2390 Africanos
240 2325 321 2390 mihi
348 2328 382 2390 11
405 2324 545 2392 Catones
571 2332 605 2392 et
626 2326 756 2394 Laelios
779 2329 1048 2395 commemorabis

8 2419 70 2477 aet
102 2432 161 2480 eos
192 2412 308 2478 fecisse
338 2413 425 2479 idem
456 2414 564 2480 dices?
614 2413 769 2490 Quamvis
796 2437 848 2480 res
876 2418 957 2482 mihi
983 2440 1049 2482 non
1116 2489 1122 2517 ,

40 2503 177 2587 placeat,
200 2505 311 2568 tamen
329 2505 443 2567 contra
460 2503 628 2568 hominum
652 2503 880 2570 auctoritatem
902 2525 1052 2590 pugnare

39 2612 103 2656 non
130 2593 257 2676 potero.
297 2588 363 2674 An,
390 2611 463 2655 cum
490 2613 545 2655 eos
566 2613 633 2656 non
655 2592 792 2676 poteris,
819 2591 963 2676 proferes
987 2593 1051 2657 hos

40 2679 188 2763 recentis,
207 2676 242 2754 Q.
257 2675 410 2744 Catulum
428 2682 564 2764 patrem,
583 2678 617 2744 Ο.
631 2678 780 2765 Marium,
799 2679 835 2757 Q.
850 2679 1051 2765 Scaevolam,

40 2765 271 2852 mseriarum,
296 2764 542 2842 0011101111
575 2769 630 2852 qui
653 2790 765 2835 omnes
788 2770 970 2854 provincias
993 2769 1049 2833 ha·

10 2855 181 2921 abuerunt
213 2858 247 2919 et
278 2855 476 2920 frumentum
509 2854 609 2921 cellae
641 2857 771 2922 nomine
798 2857 1048 2942 imperaverunt.

41 2942 162 3030 Magna
193 2948 244 3008 est
274 2943 442 3008 hominum
475 2945 650 3010 auctoritas
683 2950 716 3010 et
746 2948 853 3028 tauta,
885 2949 922 3009 ut
949 2944 1048 3010 etiam

43 3032 151 3098 delicti
178 3031 394 3116 suspicionem
416 3037 526 3117 tegere
548 3033 662 3118 possit.
706 3031 783 3098 Non
804 3033 967 3098 habesne
991 3045 1101 3098 111010

42 3119 90 3186 his
114 3118 244 3210 quidem
265 3119 461 3204 hominibus,
485 3121 540 3204 qui
560 3142 663 3206 nuper
684 3119 825 3205 fuerunt,
848 3121 951 3186 ullum
973 3144 1048 3188 auc-

43 3211 146 3276 torem
171 3208 268 3274 istius
295 3207 541 3273 aestimationis.
587 3207 657 3285 Quo
680 3231 732 3274 me
755 3208 857 3295 igitur
879 3209 968 3276 reice
990 3215 1047 3276 aut

14 3297 81 3362 tad
113 3317 196 3382 quae
223 3317 274 3361 me
302 3295 450 3380 exempla
476 3297 630 3362 revocas?
675 3295 728 3360 Ab
755 3296 823 3361 illis
851 3297 1046 3383 hominibus,

45 3386 96 3468 qui
122 3389 194 3451 tum
221 3383 342 3450 versati
370 3388 445 3449 sunt
471 3385 506 3449 in
532 3406 567 3449 re
593 3385 736 3470 publica,
770 3408 842 3451 cum
869 3390 902 3452 et
930 3387 1047 3472 optimi

46 3496 147 3540 mores
167 3477 260 3539 erant
278 3477 311 3538 et
328 3472 496 3538 hominum
514 3473 712 3540 existimatio
732 3475 841 3560 gravis
864 3473 1047 3540 habebatur

779 3577 834 3631 23*
