2470 3936
323 189 391 245 LIB.
410 189 437 245 v
464 187 539 246 cnr.
558 195 601 260 ar,
620 197 654 246 aa
672 196 688 258 a
707 195 820 246 ιιι-ιι.
1000 189 1067 255 449

54 337 161 418 atque
180 332 375 398 comitatus?
411 332 464 400 En
485 333 652 400 foederum
673 334 879 420 interpretes,
901 333 1067 400 societatis
1086 345 1120 396 oc

53 424 225 506 pactores,
261 421 430 508 religionis
462 423 624 488 auctorest
674 421 860 506 Numquam
890 422 925 486 in
957 419 1068 488 Sicilia
1108 465 1111 471 ·

52 509 262 574 frumentum
280 509 408 594 publice
431 513 481 575 est
504 514 659 595 emptum,
682 510 760 596 quin
781 509 984 576 Mamertinis
1006 531 1067 597 pro

52 597 213 682 portione
240 598 468 684 imperaretur,
500 602 675 684 antequam
701 599 764 664 hoo
790 598 952 665 delectum
977 617 1069 684 prae-

28 687 254 769 sclarumque
284 686 455 752 consilium
482 686 546 753 iste
573 687 675 771 dedit,
705 690 744 752 nt
770 687 812 752 ab
838 687 890 752 his
917 707 1067 752 nummos
1145 711 1153 726 ‘

55 773 223 859 acciperet
251 796 288 840 ac
315 774 365 840 sui
393 774 509 840 similis
535 779 629 840 esset.
674 774 790 859 Itaque
811 777 942 842 tantum
963 775 1069 842 valuit

55 863 157 928 istius
177 862 297 928 decreti
315 863 502 947 auotoritas,
526 865 682 947 quantum
702 863 813 929 debuit
831 863 899 928 eius
917 864 1069 949 hominis,

57 951 132 1035 qui,
160 971 180 1014 a
204 951 320 1034 quibus
342 950 542 1016 frumentum
565 971 670 1016 emere
694 950 871 1036 debuisset,
897 952 938 1016 iis
962 952 1069 1018 decre-

56 1043 134 1104 tum
152 1039 359 1104 vendidisset.
398 1037 485 1104 Nam
507 1039 620 1104 statim
638 1038 674 1103 L.
687 1037 839 1104 Metellus
861 1042 900 1104 ut
921 1039 986 1104 ist'r
1000 1061 1069 1106 suc·

20 1145 45 1186 ιι
58 1126 175 1210 cessit,
202 1148 242 1190 ex
265 1125 299 1191 Ο.
319 1123 502 1194 Sacerdotis
530 1130 563 1191 et
586 1149 625 1192 ex
647 1124 718 1192 Sex.
736 1126 893 1192 Peducaei
915 1127 1069 1193 instituto

58 1239 97 1280 ao
134 1214 254 1279 litteris
286 1213 486 1280 frumentum
516 1213 720 1280 Mamertinis
752 1215 934 1301 imperavit.
984 1192 1122 1281 Τιιιιι22

57 1304 111 1368 illi
125 1303 358 1368 intellexerunt
371 1325 406 1368 se
418 1302 462 1386 id,
480 1302 600 1387 quoda
618 1304 705 1369 malo
724 1307 856 1370 auctore
874 1304 1038 1389 emissent,
1085 1271 1122 1323 ⁶⁶

59 1391 185 1456 diutius
203 1393 349 1476 optinere
366 1411 433 1456 non
454 1411 559 1476 possa.
597 1390 671 1477 Age
693 1413 800 1476 porro,
822 1396 869 1477 tu,
891 1392 948 1476 qui
969 1396 1039 1458 tam
1054 1372 1120 1442 (22)

59 1479 254 1565 religiosum
264 1479 444 1544 existimari
453 1483 488 1544 te
498 1479 634 1545 voluisti
644 1480 855 1565 interpretem
867 1480 1042 1566 foederum,
1056 1446 1114 1514 (⁵⁶)

25 1585 47 1627 ιι
61 1590 120 1634 cur
135 1567 417 1632 Tauromenitanis
431 1567 641 1654 frumentum,
659 1589 716 1634 cur
730 1567 859 1634 Netinis
878 1569 1069 1654 imperasti?

61 1677 201 1741 quarum
227 1655 397 1721 civitatum
423 1659 561 1740 utraque
587 1656 755 1721 foederata
782 1660 841 1722 est.
885 1656 936 1722 Ac
958 1656 1070 1723 Netini

60 1744 194 1829 quidem
229 1743 292 1808 sibi
326 1765 393 1810 non
428 1743 600 1809 defuerunt
630 1765 681 1828 ac,
717 1745 814 1809 simul
849 1745 1071 1829 pronuntiasti

60 1833 204 1898 libenter
216 1834 250 1896 te
263 1830 468 1897 Mamertinis
481 1832 656 1915 remittere,
673 1836 709 1896 te
722 1831 870 1897 adierunt
884 1835 917 1897 et
935 1831 1069 1898 eandem
1192 1882 1194 1886 s

62 1943 157 1988 suam
185 1942 316 1986 causam
342 1919 482 1985 foederis
505 1941 576 1985 esse
599 1921 785 1986 docuerunt.
826 1918 876 1984 Tu
899 1919 995 1985 aliter
1019 1920 1069 1986 de
1140 1935 1143 1947 “

27 2027 195 2076 secernere
217 2010 328 2074 eadem
350 2008 385 2073 in
407 2029 505 2074 causa
526 2029 593 2074 non
614 2009 765 2094 potuisti3
791 2008 984 2093 pronuntias
1007 2007 1070 2074 Ne
1142 2043 1144 2048 v

62 2100 150 2163 tinos
181 2097 381 2163 frumentum
411 2097 488 2162 dare
514 2117 580 2162 non
607 2097 723 2162 debere
750 2100 783 2161 et
810 2097 852 2161 ab
879 2096 931 2161 his
958 2100 1070 2162 tamen

63 2185 178 2271 exigis:
212 2183 299 2251 Cedo
318 2184 400 2250 mihi
419 2185 561 2250 eiusdem
578 2185 739 2271 praetoris
758 2185 886 2250 litteras
905 2188 940 2251 et
961 2205 1069 2250 rerum

63 2276 265 2340 decretarum
295 2277 329 2338 et
357 2271 513 2338 frumenti
539 2273 701 2359 imperati.
743 2272 923 2338 Llrrlsaau
950 2291 1070 2340 aarum

63 2379 308 2428 camaranum.
345 2359 429 2437 Quid
445 2363 555 2447 potius
575 2361 610 2426 in
632 2361 694 2426 hac
715 2364 811 2426 tanta
832 2364 866 2426 et
887 2364 957 2426 tam
979 2361 1071 2446 turpi

30 2450 284 2516 amconstantia
315 2449 473 2534 suspicari
502 2462 691 2534 possumus,
726 2448 861 2531 iudices,
897 2469 996 2532 quam
1026 2449 1069 2532 id,

66 2539 152 2624 quod
178 2559 308 2604 necasse
336 2541 400 2620 est,
428 2541 485 2603 aut
510 2536 569 2601 isti
591 2559 612 2601 a
633 2535 762 2602 Netinis
784 2533 969 2620 pecuniam,
996 2557 1070 2601 cum

65 2630 225 2714 posceret,
251 2647 318 2692 non
345 2625 468 2709 datam,
496 2628 553 2690 aut
579 2623 613 2689 id
640 2643 711 2688 esse
736 2627 858 2707 actum,
883 2626 922 2688 ut
943 2622 1069 2688 intelle

67 2718 181 2800 gerent
210 2713 399 2778 Mamertini
431 2714 512 2779 bene
547 2733 582 2778 se
616 2709 701 2798 apud
731 2710 841 2776 istum‘
863 2715 933 2776 tam
964 2711 1069 2776 multa

66 2804 172 2888 pretia
199 2823 237 2868 ac
259 2823 394 2868 munera
416 2801 615 2885 conlocasse,
642 2799 823 2866 cumidem
846 2799 904 2864 alii
926 2799 1006 2864 iuris
1029 2819 1071 2864 ex

32 2907 55 2950 ιι
68 2891 178 2957 eadem
201 2911 298 2956 causa
319 2910 386 2954 non
409 2889 615 2954 obtinerent?

131 2977 194 3044 Hic
212 2979 293 3043 mihi
312 2978 411 3043 etiam
432 2977 564 3044 audebit
586 2975 783 3042 mentionem
805 2975 912 3042 facere
929 2974 1069 3040 Mamer·
1086 2976 1120 3028 M

67 3069 154 3133 tinae
181 3065 393 3132 laudationis!
422 3066 457 3131 in
485 3087 548 3150 qua
575 3087 673 3149 quam
701 3065 807 3130 multa
833 3064 900 3130 sint
926 3065 1069 3148 volnera,

69 3156 138 3241 quis
166 3159 216 3220 est
243 3157 401 3237 vestrum,
427 3153 562 3237 iudices,
588 3153 667 3238 quin
688 3152 883 3237 intellegat?
923 3149 1068 3216 Primum

69 3247 130 3326 [ut]
148 3243 183 3308 in
200 3243 326 3309 iudiciis
346 3243 401 3326 qui
424 3241 532 3307 decem
555 3242 741 3308 laudatores
764 3241 840 3305 dare
862 3261 928 3305 non
950 3243 1069 3325 potest,

34 3331 233 3398 inhonestius
252 3335 303 3396 cst
321 3331 351 3396 ei
367 3331 495 3396 nullum
513 3330 589 3395 dare
608 3351 706 3415 quam
729 3329 824 3394 illum
847 3327 941 3411 quasi
964 3327 1070 3414 legiti-

21 3449 25 3462 ·
69 3441 155 3486 mum
185 3439 356 3484 numerum
388 3419 627 3485 consuetudinis
659 3439 726 3483 non
757 3416 894 3502 explere.
944 3415 1008 3480 'lot
1035 3416 1070 3479 in

70 3507 177 3574 Sicilia
203 3508 352 3574 civitates
380 3511 469 3591 sunt,
497 3507 614 3592 quibus
641 3509 679 3572 tu
700 3526 759 3591 per
780 3503 957 3570 triennium
978 3524 1070 3588 prae
1101 3585 1105 3590 ¹

120 3620 217 3664 o1o.11.
231 3623 250 3663 ι,
823 3613 857 3663 29
