<?xml version="1.0" encoding="UTF-8"?>
<!DOCTYPE html PUBLIC "-//W3C//DTD XHTML 1.0 Transitional//EN"
    "http://www.w3.org/TR/xhtml1/DTD/xhtml1-transitional.dtd">
<html xmlns="http://www.w3.org/1999/xhtml" xml:lang="en" lang="en">
 <head>
  <title>
</title>
<meta http-equiv="Content-Type" content="text/html;charset=utf-8" />
  <meta name='ocr-system' content='tesseract 3.04.00' />
  <meta name='ocr-capabilities' content='ocr_page ocr_carea ocr_par ocr_line ocrx_word'/>
</head>
<body>
  <div class='ocr_page' id='page_1' title='image "./mtulliiciceroni02mlgoog/mtulliiciceroni02mlgoog_0289.png"; bbox 0 0 2386 3938; ppageno 0'>
   <div class='ocr_carea' id='block_1_1' title="bbox 141 133 903 204">
    <p class='ocr_par' dir='ltr' id='par_1_1' title="bbox 141 133 903 204">
     <span class='ocr_line' id='line_1_1' title="bbox 141 133 903 204; baseline -0.024 0"><span class='ocrx_word' id='word_1_1' title='bbox 141 139 205 204; x_wconf 79' lang='grc'>172</span> <span class='ocrx_word' id='word_1_2' title='bbox 281 191 291 198; x_wconf 86' lang='grc'><strong>.</strong></span> <span class='ocrx_word' id='word_1_3' title='bbox 443 135 483 192; x_wconf 86' lang='grc' dir='ltr'>ΙΝ</span> <span class='ocrx_word' id='word_1_4' title='bbox 502 133 846 192; x_wconf 68' lang='lat' dir='ltr'>avalonensem.</span> <span class='ocrx_word' id='word_1_5' title='bbox 897 133 903 139; x_wconf 89' lang='grc'><strong><em>’</em></strong></span> 
     </span>
    </p>
   </div>
   <div class='ocr_carea' id='block_1_2' title="bbox 89 277 1174 3534">
    <p class='ocr_par' dir='ltr' id='par_1_2' title="bbox 89 277 1174 3534">
     <span class='ocr_line' id='line_1_2' title="bbox 141 277 1137 367; baseline -0.005 -20"><span class='ocrx_word' id='word_1_6' title='bbox 141 304 234 367; x_wconf 86' lang='lat' dir='ltr'>quem</span> <span class='ocrx_word' id='word_1_7' title='bbox 261 282 302 346; x_wconf 86' lang='lat' dir='ltr'>ad</span> <span class='ocrx_word' id='word_1_8' title='bbox 325 279 457 346; x_wconf 90' lang='lat' dir='ltr'>modum</span> <span class='ocrx_word' id='word_1_9' title='bbox 479 283 550 346; x_wconf 90' lang='lat' dir='ltr'>tute</span> <span class='ocrx_word' id='word_1_10' title='bbox 572 277 614 344; x_wconf 90' lang='lat' dir='ltr'>ad</span> <span class='ocrx_word' id='word_1_11' title='bbox 636 277 801 344; x_wconf 81' lang='lat' dir='ltr'>Neronem</span> <span class='ocrx_word' id='word_1_12' title='bbox 825 278 998 365; x_wconf 74' lang='lat' dir='ltr'>scripsisti,</span> <span class='ocrx_word' id='word_1_13' title='bbox 1026 280 1137 365; x_wconf 90' lang='lat' dir='ltr'>populo</span> 
     </span>
     <span class='ocr_line' id='line_1_3' title="bbox 140 367 1139 453; baseline -0.004 -18"><span class='ocrx_word' id='word_1_14' title='bbox 140 371 288 435; x_wconf 88' lang='lat' dir='ltr'>Romano</span> <span class='ocrx_word' id='word_1_15' title='bbox 320 368 546 451; x_wconf 87' lang='lat' dir='ltr'>communique</span> <span class='ocrx_word' id='word_1_16' title='bbox 578 388 693 434; x_wconf 88' lang='lat' dir='ltr'>causae</span> <span class='ocrx_word' id='word_1_17' title='bbox 725 368 911 453; x_wconf 88' lang='lat' dir='ltr'>legatorum</span> <span class='ocrx_word' id='word_1_18' title='bbox 941 367 1032 433; x_wconf 83' lang='lat' dir='ltr'>faeta</span> <span class='ocrx_word' id='word_1_19' title='bbox 1063 371 1139 432; x_wconf 87' lang='lat' dir='ltr'>esset</span> 
     </span>
     <span class='ocr_line' id='line_1_4' title="bbox 140 456 1138 544; baseline -0.004 -21"><span class='ocrx_word' id='word_1_20' title='bbox 140 458 278 544; x_wconf 80' lang='lat' dir='ltr'>insignis</span> <span class='ocrx_word' id='word_1_21' title='bbox 297 457 424 542; x_wconf 77' lang='lat' dir='ltr'>inimic,</span> <span class='ocrx_word' id='word_1_22' title='bbox 444 479 511 522; x_wconf 88' lang='lat' dir='ltr'>non</span> <span class='ocrx_word' id='word_1_23' title='bbox 528 477 563 522; x_wconf 89' lang='lat' dir='ltr'>es</span> <span class='ocrx_word' id='word_1_24' title='bbox 581 459 784 540; x_wconf 81' lang='lat' dir='ltr'>persecutus3</span> <span class='ocrx_word' id='word_1_25' title='bbox 806 456 887 521; x_wconf 91' lang='lat' dir='ltr'>dicis</span> <span class='ocrx_word' id='word_1_26' title='bbox 905 456 969 521; x_wconf 90' lang='lat' dir='ltr'>tibi</span> <span class='ocrx_word' id='word_1_27' title='bbox 985 456 1023 520; x_wconf 92' lang='lat' dir='ltr'>in</span> <span class='ocrx_word' id='word_1_28' title='bbox 1042 457 1138 520; x_wconf 88' lang='lat' dir='ltr'>animo</span> 
     </span>
     <span class='ocr_line' id='line_1_5' title="bbox 142 543 1140 629; baseline -0.007 -16"><span class='ocrx_word' id='word_1_29' title='bbox 142 569 212 613; x_wconf 88' lang='lat' dir='ltr'>esse</span> <span class='ocrx_word' id='word_1_30' title='bbox 245 547 309 611; x_wconf 93' lang='lat' dir='ltr'>alio</span> <span class='ocrx_word' id='word_1_31' title='bbox 341 550 487 628; x_wconf 91' lang='lat' dir='ltr'>tempore</span> <span class='ocrx_word' id='word_1_32' title='bbox 517 545 675 629; x_wconf 84' lang='lat' dir='ltr'>persequi.</span> <span class='ocrx_word' id='word_1_33' title='bbox 725 543 818 620; x_wconf 84' lang='lat' dir='ltr'>Quod</span> <span class='ocrx_word' id='word_1_34' title='bbox 845 543 909 609; x_wconf 86' lang='lat' dir='ltr'>fuit</span> <span class='ocrx_word' id='word_1_35' title='bbox 937 545 971 608; x_wconf 93' lang='lat' dir='ltr'>id</span> <span class='ocrx_word' id='word_1_36' title='bbox 997 544 1140 628; x_wconf 75' lang='lat' dir='ltr'>tempus?</span> 
     </span>
     <span class='ocr_line' id='line_1_6' title="bbox 142 631 1162 720; baseline -0.006 -19"><span class='ocrx_word' id='word_1_37' title='bbox 142 633 269 720; x_wconf 85' lang='lat' dir='ltr'>quando</span> <span class='ocrx_word' id='word_1_38' title='bbox 290 655 323 699; x_wconf 88' lang='lat' dir='ltr'>es</span> <span class='ocrx_word' id='word_1_39' title='bbox 343 633 554 718; x_wconf 80' lang='lat' dir='ltr'>persecutus?</span> <span class='ocrx_word' id='word_1_40' title='bbox 591 631 657 698; x_wconf 87' lang='lat' dir='ltr'>Our</span> <span class='ocrx_word' id='word_1_41' title='bbox 673 631 868 696; x_wconf 77' lang='lat' dir='ltr'>imminuisti</span> <span class='ocrx_word' id='word_1_42' title='bbox 890 632 942 698; x_wconf 90' lang='lat' dir='ltr'>ius</span> <span class='ocrx_word' id='word_1_43' title='bbox 964 633 1162 718; x_wconf 77' lang='lat' dir='ltr'>legationis,⁵</span> 
     </span>
     <span class='ocr_line' id='line_1_7' title="bbox 142 719 1143 806; baseline -0.006 -17"><span class='ocrx_word' id='word_1_44' title='bbox 142 747 198 790; x_wconf 89' lang='lat' dir='ltr'>cur</span> <span class='ocrx_word' id='word_1_45' title='bbox 230 743 361 789; x_wconf 89' lang='lat' dir='ltr'>causam</span> <span class='ocrx_word' id='word_1_46' title='bbox 392 721 506 806; x_wconf 91' lang='lat' dir='ltr'>populi</span> <span class='ocrx_word' id='word_1_47' title='bbox 532 719 673 785; x_wconf 86' lang='lat' dir='ltr'>Romani</span> <span class='ocrx_word' id='word_1_48' title='bbox 704 719 875 785; x_wconf 81' lang='lat' dir='ltr'>desenristi</span> <span class='ocrx_word' id='word_1_49' title='bbox 902 743 941 785; x_wconf 86' lang='lat' dir='ltr'>ao</span> <span class='ocrx_word' id='word_1_50' title='bbox 967 720 1143 805; x_wconf 90' lang='lat' dir='ltr'>prodidisti,</span> 
     </span>
     <span class='ocr_line' id='line_1_8' title="bbox 142 808 1142 893; baseline -0.006 -16"><span class='ocrx_word' id='word_1_51' title='bbox 142 834 197 877; x_wconf 89' lang='lat' dir='ltr'>cur</span> <span class='ocrx_word' id='word_1_52' title='bbox 224 809 359 876; x_wconf 75' lang='lat' dir='ltr'>iniuriam</span> <span class='ocrx_word' id='word_1_53' title='bbox 387 812 461 874; x_wconf 89' lang='lat' dir='ltr'>tuas</span> <span class='ocrx_word' id='word_1_54' title='bbox 488 809 676 876; x_wconf 80' lang='lat' dir='ltr'>coniunctas</span> <span class='ocrx_word' id='word_1_55' title='bbox 705 829 778 874; x_wconf 91' lang='lat' dir='ltr'>cum</span> <span class='ocrx_word' id='word_1_56' title='bbox 800 808 941 893; x_wconf 81' lang='lat' dir='ltr'>publicis</span> <span class='ocrx_word' id='word_1_57' title='bbox 964 808 1142 892; x_wconf 86' lang='lat' dir='ltr'>reliquisti?</span> 
     </span>
     <span class='ocr_line' id='line_1_9' title="bbox 141 895 1144 980; baseline -0.004 -17"><span class='ocrx_word' id='word_1_58' title='bbox 141 899 217 964; x_wconf 89' lang='lat' dir='ltr'>Non</span> <span class='ocrx_word' id='word_1_59' title='bbox 247 902 281 962; x_wconf 88' lang='lat' dir='ltr'>te</span> <span class='ocrx_word' id='word_1_60' title='bbox 314 897 355 962; x_wconf 86' lang='lat' dir='ltr'>ad</span> <span class='ocrx_word' id='word_1_61' title='bbox 392 899 539 963; x_wconf 86' lang='lat' dir='ltr'>senatum</span> <span class='ocrx_word' id='word_1_62' title='bbox 575 918 708 962; x_wconf 89' lang='lat' dir='ltr'>causam</span> <span class='ocrx_word' id='word_1_63' title='bbox 743 895 880 980; x_wconf 86' lang='lat' dir='ltr'>deferre,</span> <span class='ocrx_word' id='word_1_64' title='bbox 911 917 980 961; x_wconf 90' lang='lat' dir='ltr'>non</span> <span class='ocrx_word' id='word_1_65' title='bbox 1011 897 1053 962; x_wconf 90' lang='lat' dir='ltr'>de</span> <span class='ocrx_word' id='word_1_66' title='bbox 1083 899 1144 960; x_wconf 85' lang='lat' dir='ltr'>tam</span> 
     </span>
     <span class='ocr_line' id='line_1_10' title="bbox 142 984 1142 1070; baseline -0.004 -18"><span class='ocrx_word' id='word_1_67' title='bbox 142 986 307 1052; x_wconf 75' lang='lat' dir='ltr'>atrocibus</span> <span class='ocrx_word' id='word_1_68' title='bbox 327 985 454 1050; x_wconf 89' lang='lat' dir='ltr'>iniuriis</span> <span class='ocrx_word' id='word_1_69' title='bbox 477 985 643 1070; x_wconf 80' lang='lat' dir='ltr'>conqueri,</span> <span class='ocrx_word' id='word_1_70' title='bbox 665 1005 732 1050; x_wconf 90' lang='lat' dir='ltr'>non</span> <span class='ocrx_word' id='word_1_71' title='bbox 753 1005 809 1050; x_wconf 88' lang='lat' dir='ltr'>eos</span> <span class='ocrx_word' id='word_1_72' title='bbox 832 985 995 1068; x_wconf 91' lang='lat' dir='ltr'>homines,</span> <span class='ocrx_word' id='word_1_73' title='bbox 1019 984 1077 1068; x_wconf 90' lang='lat' dir='ltr'>qui</span> <span class='ocrx_word' id='word_1_74' title='bbox 1096 1005 1142 1068; x_wconf 84' lang='lat' dir='ltr'>po</span> 
     </span>
     <span class='ocr_line' id='line_1_11' title="bbox 141 1073 1172 1162; baseline -0.008 -21"><span class='ocrx_word' id='word_1_75' title='bbox 141 1076 254 1162; x_wconf 89' lang='lat' dir='ltr'>pulum</span> <span class='ocrx_word' id='word_1_76' title='bbox 274 1075 486 1157; x_wconf 86' lang='lat' dir='ltr'>concitarant,</span> <span class='ocrx_word' id='word_1_77' title='bbox 509 1073 678 1138; x_wconf 87' lang='lat' dir='ltr'>consulum</span> <span class='ocrx_word' id='word_1_78' title='bbox 696 1073 816 1138; x_wconf 91' lang='lat' dir='ltr'>litteris</span> <span class='ocrx_word' id='word_1_79' title='bbox 836 1073 1019 1138; x_wconf 88' lang='lat' dir='ltr'>evocandos</span> <span class='ocrx_word' id='word_1_80' title='bbox 1042 1087 1172 1138; x_wconf 75' lang='lat' dir='ltr'>curaret</span> 
     </span>
     <span class='ocr_line' id='line_1_12' title="bbox 89 1159 1143 1248; baseline -0.007 -20"><span class='ocrx_word' id='word_1_81' title='bbox 89 1178 122 1228; x_wconf 79' lang='lat'>85</span> <span class='ocrx_word' id='word_1_82' title='bbox 143 1163 310 1248; x_wconf 78' lang='lat' dir='ltr'>oportuit?</span> <span class='ocrx_word' id='word_1_83' title='bbox 352 1161 465 1248; x_wconf 88' lang='lat' dir='ltr'>Nuper</span> <span class='ocrx_word' id='word_1_84' title='bbox 484 1160 527 1226; x_wconf 89' lang='lat' dir='ltr'>M.</span> <span class='ocrx_word' id='word_1_85' title='bbox 546 1159 680 1226; x_wconf 86' lang='lat' dir='ltr'>Aurelio</span> <span class='ocrx_word' id='word_1_86' title='bbox 700 1159 821 1226; x_wconf 78' lang='lat' dir='ltr'>Scauro</span> <span class='ocrx_word' id='word_1_87' title='bbox 843 1161 1045 1245; x_wconf 87' lang='lat' dir='ltr'>postulante,</span> <span class='ocrx_word' id='word_1_88' title='bbox 1068 1159 1143 1244; x_wconf 91' lang='lat' dir='ltr'>quod</span> 
     </span>
     <span class='ocr_line' id='line_1_13' title="bbox 141 1249 1143 1336; baseline -0.004 -20"><span class='ocrx_word' id='word_1_89' title='bbox 141 1252 170 1316; x_wconf 91' lang='lat' dir='ltr'>is</span> <span class='ocrx_word' id='word_1_90' title='bbox 193 1251 316 1336; x_wconf 79' lang='lat' dir='ltr'>Ephesi</span> <span class='ocrx_word' id='word_1_91' title='bbox 346 1273 380 1316; x_wconf 92' lang='lat' dir='ltr'>se</span> <span class='ocrx_word' id='word_1_92' title='bbox 409 1252 614 1334; x_wconf 74' lang='lat' dir='ltr'>quaestorem</span> <span class='ocrx_word' id='word_1_93' title='bbox 634 1249 669 1314; x_wconf 92' lang='lat' dir='ltr'>vi</span> <span class='ocrx_word' id='word_1_94' title='bbox 695 1249 898 1333; x_wconf 90' lang='lat' dir='ltr'>prohibitum</span> <span class='ocrx_word' id='word_1_95' title='bbox 920 1269 993 1314; x_wconf 86' lang='lat' dir='ltr'>osse</span> <span class='ocrx_word' id='word_1_96' title='bbox 1017 1249 1143 1327; x_wconf 87' lang='lat' dir='ltr'>dicebat,</span> 
     </span>
     <span class='ocr_line' id='line_1_14' title="bbox 142 1334 1143 1424; baseline -0.004 -20"><span class='ocrx_word' id='word_1_97' title='bbox 142 1362 206 1424; x_wconf 88' lang='lat' dir='ltr'>quo</span> <span class='ocrx_word' id='word_1_98' title='bbox 231 1340 337 1405; x_wconf 89' lang='lat' dir='ltr'>minus</span> <span class='ocrx_word' id='word_1_99' title='bbox 361 1362 378 1403; x_wconf 90' lang='lat' dir='ltr'>e</span> <span class='ocrx_word' id='word_1_100' title='bbox 400 1338 478 1404; x_wconf 84' lang='lat' dir='ltr'>fano</span> <span class='ocrx_word' id='word_1_101' title='bbox 501 1337 626 1402; x_wconf 88' lang='lat' dir='ltr'>Dianae</span> <span class='ocrx_word' id='word_1_102' title='bbox 650 1357 778 1402; x_wconf 91' lang='lat' dir='ltr'>servum</span> <span class='ocrx_word' id='word_1_103' title='bbox 801 1359 910 1419; x_wconf 90' lang='lat' dir='ltr'>suum,</span> <span class='ocrx_word' id='word_1_104' title='bbox 933 1337 991 1421; x_wconf 91' lang='lat' dir='ltr'>qui</span> <span class='ocrx_word' id='word_1_105' title='bbox 1014 1337 1051 1402; x_wconf 92' lang='lat' dir='ltr'>in</span> <span class='ocrx_word' id='word_1_106' title='bbox 1071 1334 1143 1402; x_wconf 89' lang='lat' dir='ltr'>illud</span> 
     </span>
     <span class='ocr_line' id='line_1_15' title="bbox 143 1425 1141 1512; baseline -0.006 -20"><span class='ocrx_word' id='word_1_107' title='bbox 143 1427 270 1510; x_wconf 83' lang='lat' dir='ltr'>asylum</span> <span class='ocrx_word' id='word_1_108' title='bbox 284 1425 493 1512; x_wconf 73' lang='lat' dir='ltr'>confugisset,</span> <span class='ocrx_word' id='word_1_109' title='bbox 508 1426 690 1509; x_wconf 86' lang='lat' dir='ltr'>abduceret,</span> <span class='ocrx_word' id='word_1_110' title='bbox 706 1425 846 1491; x_wconf 88' lang='lat' dir='ltr'>Pericles</span> <span class='ocrx_word' id='word_1_111' title='bbox 859 1425 1036 1511; x_wconf 83' lang='lat' dir='ltr'>Ephesius,</span> <span class='ocrx_word' id='word_1_112' title='bbox 1054 1426 1141 1490; x_wconf 89' lang='lat' dir='ltr'>homo</span> 
     </span>
     <span class='ocr_line' id='line_1_16' title="bbox 141 1513 1170 1598; baseline -0.005 -18"><span class='ocrx_word' id='word_1_113' title='bbox 141 1514 376 1598; x_wconf 88' lang='lat' dir='ltr'>nobilissimus,</span> <span class='ocrx_word' id='word_1_114' title='bbox 398 1513 537 1578; x_wconf 81' lang='lat' dir='ltr'>Romam</span> <span class='ocrx_word' id='word_1_115' title='bbox 556 1518 709 1580; x_wconf 89' lang='lat' dir='ltr'>evocatus</span> <span class='ocrx_word' id='word_1_116' title='bbox 732 1517 792 1598; x_wconf 89' lang='lat' dir='ltr'>est,</span> <span class='ocrx_word' id='word_1_117' title='bbox 815 1515 901 1597; x_wconf 91' lang='lat' dir='ltr'>quod</span> <span class='ocrx_word' id='word_1_118' title='bbox 923 1518 1042 1580; x_wconf 89' lang='lat' dir='ltr'>auctor</span> <span class='ocrx_word' id='word_1_119' title='bbox 1063 1513 1170 1578; x_wconf 78' lang='lat' dir='ltr'>illiusu</span> 
     </span>
     <span class='ocr_line' id='line_1_17' title="bbox 142 1601 1140 1689; baseline -0.002 -21"><span class='ocrx_word' id='word_1_120' title='bbox 142 1602 279 1668; x_wconf 88' lang='lat' dir='ltr'>iniuriae</span> <span class='ocrx_word' id='word_1_121' title='bbox 297 1601 398 1666; x_wconf 86' lang='lat' dir='ltr'>fuisse</span> <span class='ocrx_word' id='word_1_122' title='bbox 417 1602 629 1686; x_wconf 80' lang='lat' dir='ltr'>arguebatur3</span> <span class='ocrx_word' id='word_1_123' title='bbox 651 1606 697 1688; x_wconf 89' lang='lat' dir='ltr'>tu,</span> <span class='ocrx_word' id='word_1_124' title='bbox 720 1602 749 1666; x_wconf 93' lang='lat' dir='ltr'>si</span> <span class='ocrx_word' id='word_1_125' title='bbox 765 1606 800 1667; x_wconf 90' lang='lat' dir='ltr'>te</span> <span class='ocrx_word' id='word_1_126' title='bbox 821 1603 968 1689; x_wconf 83' lang='lat' dir='ltr'>legatum</span> <span class='ocrx_word' id='word_1_127' title='bbox 991 1603 1043 1668; x_wconf 88' lang='lat' dir='ltr'>ita</span> <span class='ocrx_word' id='word_1_128' title='bbox 1060 1602 1140 1666; x_wconf 83' lang='lat' dir='ltr'>Lam-</span> 
     </span>
     <span class='ocr_line' id='line_1_18' title="bbox 142 1689 1141 1777; baseline -0.004 -21"><span class='ocrx_word' id='word_1_129' title='bbox 142 1692 232 1777; x_wconf 85' lang='lat' dir='ltr'>psaci</span> <span class='ocrx_word' id='word_1_130' title='bbox 250 1694 428 1756; x_wconf 86' lang='lat' dir='ltr'>tractatum</span> <span class='ocrx_word' id='word_1_131' title='bbox 447 1711 517 1755; x_wconf 86' lang='lat' dir='ltr'>esse</span> <span class='ocrx_word' id='word_1_132' title='bbox 534 1695 683 1756; x_wconf 88' lang='lat' dir='ltr'>senatum</span> <span class='ocrx_word' id='word_1_133' title='bbox 701 1689 873 1775; x_wconf 86' lang='lat' dir='ltr'>docuisses,</span> <span class='ocrx_word' id='word_1_134' title='bbox 890 1695 928 1755; x_wconf 92' lang='lat' dir='ltr'>ut</span> <span class='ocrx_word' id='word_1_135' title='bbox 946 1690 999 1756; x_wconf 89' lang='lat' dir='ltr'>tui</span> <span class='ocrx_word' id='word_1_136' title='bbox 1017 1690 1141 1760; x_wconf 86' lang='lat' dir='ltr'>comites</span> 
     </span>
     <span class='ocr_line' id='line_1_19' title="bbox 142 1778 1140 1864; baseline -0.008 -18"><span class='ocrx_word' id='word_1_137' title='bbox 142 1781 403 1864; x_wconf 85' lang='lat' dir='ltr'>vulnerarentur,</span> <span class='ocrx_word' id='word_1_138' title='bbox 439 1779 536 1846; x_wconf 92' lang='lat' dir='ltr'>lictor</span> <span class='ocrx_word' id='word_1_139' title='bbox 568 1778 778 1863; x_wconf 87' lang='lat' dir='ltr'>occideretur,</span> <span class='ocrx_word' id='word_1_140' title='bbox 814 1779 884 1864; x_wconf 89' lang='lat' dir='ltr'>ipse</span> <span class='ocrx_word' id='word_1_141' title='bbox 919 1779 1140 1846; x_wconf 87' lang='lat' dir='ltr'>circumsessus</span> 
     </span>
     <span class='ocr_line' id='line_1_20' title="bbox 142 1867 1140 1954; baseline -0.011 -18"><span class='ocrx_word' id='word_1_142' title='bbox 142 1891 244 1954; x_wconf 86' lang='lat' dir='ltr'>paene</span> <span class='ocrx_word' id='word_1_143' title='bbox 271 1869 490 1953; x_wconf 86' lang='lat' dir='ltr'>incenderere,</span> <span class='ocrx_word' id='word_1_144' title='bbox 516 1867 585 1933; x_wconf 91' lang='lat' dir='ltr'>eius</span> <span class='ocrx_word' id='word_1_145' title='bbox 613 1871 722 1932; x_wconf 89' lang='lat' dir='ltr'>autem</span> <span class='ocrx_word' id='word_1_146' title='bbox 748 1867 796 1932; x_wconf 91' lang='lat' dir='ltr'>rei</span> <span class='ocrx_word' id='word_1_147' title='bbox 824 1867 918 1932; x_wconf 88' lang='lat' dir='ltr'>duces</span> <span class='ocrx_word' id='word_1_148' title='bbox 944 1871 979 1932; x_wconf 92' lang='lat' dir='ltr'>et</span> <span class='ocrx_word' id='word_1_149' title='bbox 1002 1871 1140 1934; x_wconf 86' lang='lat' dir='ltr'>auctores</span> 
     </span>
     <span class='ocr_line' id='line_1_21' title="bbox 142 1954 1167 2042; baseline -0.007 -20"><span class='ocrx_word' id='word_1_150' title='bbox 142 1962 171 2022; x_wconf 82' lang='lat' dir='ltr'>et</span> <span class='ocrx_word' id='word_1_151' title='bbox 196 1956 360 2042; x_wconf 87' lang='lat' dir='ltr'>principes</span> <span class='ocrx_word' id='word_1_152' title='bbox 387 1956 502 2041; x_wconf 86' lang='lat' dir='ltr'>fuisse,</span> <span class='ocrx_word' id='word_1_153' title='bbox 534 1977 615 2039; x_wconf 92' lang='lat' dir='ltr'>quos</span> <span class='ocrx_word' id='word_1_154' title='bbox 642 1955 771 2038; x_wconf 87' lang='lat' dir='ltr'>scribis,</span> <span class='ocrx_word' id='word_1_155' title='bbox 804 1954 1090 2042; x_wconf 82' lang='lat' dir='ltr'>Themistagoram</span> <span class='ocrx_word' id='word_1_156' title='bbox 1113 1955 1167 2015; x_wconf 75' lang='lat' dir='ltr'>eta</span> 
     </span>
     <span class='ocr_line' id='line_1_22' title="bbox 142 2041 1140 2128; baseline -0.005 -20"><span class='ocrx_word' id='word_1_157' title='bbox 142 2043 345 2128; x_wconf 79' lang='lat' dir='ltr'>Thessalum,</span> <span class='ocrx_word' id='word_1_158' title='bbox 360 2044 431 2128; x_wconf 90' lang='lat' dir='ltr'>quis</span> <span class='ocrx_word' id='word_1_159' title='bbox 445 2066 512 2109; x_wconf 90' lang='lat' dir='ltr'>non</span> <span class='ocrx_word' id='word_1_160' title='bbox 525 2048 790 2127; x_wconf 90' lang='lat' dir='ltr'>commoveretur,</span> <span class='ocrx_word' id='word_1_161' title='bbox 805 2044 877 2128; x_wconf 89' lang='lat' dir='ltr'>quis</span> <span class='ocrx_word' id='word_1_162' title='bbox 890 2065 957 2109; x_wconf 88' lang='lat' dir='ltr'>non</span> <span class='ocrx_word' id='word_1_163' title='bbox 970 2066 1011 2108; x_wconf 84' lang='lat' dir='ltr'>ex</span> <span class='ocrx_word' id='word_1_164' title='bbox 1024 2041 1140 2120; x_wconf 77' lang='lat' dir='ltr'>inimic,</span> 
     </span>
     <span class='ocr_line' id='line_1_23' title="bbox 143 2131 1138 2216; baseline -0.006 -20"><span class='ocrx_word' id='word_1_165' title='bbox 143 2153 226 2215; x_wconf 88' lang='lat' dir='ltr'>quae</span> <span class='ocrx_word' id='word_1_166' title='bbox 246 2131 308 2196; x_wconf 90' lang='lat' dir='ltr'>tibi</span> <span class='ocrx_word' id='word_1_167' title='bbox 332 2135 418 2196; x_wconf 87' lang='lat' dir='ltr'>esset</span> <span class='ocrx_word' id='word_1_168' title='bbox 440 2132 541 2216; x_wconf 86' lang='lat' dir='ltr'>facta,</span> <span class='ocrx_word' id='word_1_169' title='bbox 564 2132 627 2196; x_wconf 89' lang='lat' dir='ltr'>sibi</span> <span class='ocrx_word' id='word_1_170' title='bbox 649 2131 847 2216; x_wconf 88' lang='lat' dir='ltr'>provideret,</span> <span class='ocrx_word' id='word_1_171' title='bbox 870 2131 943 2216; x_wconf 90' lang='lat' dir='ltr'>quis</span> <span class='ocrx_word' id='word_1_172' title='bbox 965 2154 1035 2197; x_wconf 93' lang='lat' dir='ltr'>non</span> <span class='ocrx_word' id='word_1_173' title='bbox 1056 2132 1089 2196; x_wconf 90' lang='lat' dir='ltr'>iu</span> <span class='ocrx_word' id='word_1_174' title='bbox 1108 2150 1138 2192; x_wconf 86' lang='lat' dir='ltr'>ea</span> 
     </span>
     <span class='ocr_line' id='line_1_24' title="bbox 142 2215 1138 2306; baseline -0.004 -24"><span class='ocrx_word' id='word_1_175' title='bbox 142 2241 177 2284; x_wconf 89' lang='lat' dir='ltr'>re</span> <span class='ocrx_word' id='word_1_176' title='bbox 192 2240 323 2284; x_wconf 88' lang='lat' dir='ltr'>causam</span> <span class='ocrx_word' id='word_1_177' title='bbox 336 2222 437 2302; x_wconf 88' lang='lat' dir='ltr'>tuam,</span> <span class='ocrx_word' id='word_1_178' title='bbox 455 2219 635 2303; x_wconf 87' lang='lat' dir='ltr'>periculum</span> <span class='ocrx_word' id='word_1_179' title='bbox 651 2241 821 2284; x_wconf 86' lang='lat' dir='ltr'>commune</span> <span class='ocrx_word' id='word_1_180' title='bbox 839 2220 894 2306; x_wconf 80' lang='lat' dir='ltr'>agi</span> <span class='ocrx_word' id='word_1_181' title='bbox 913 2215 1138 2286; x_wconf 80' lang='lat' dir='ltr'>arbitraretur?</span> 
     </span>
     <span class='ocr_line' id='line_1_25' title="bbox 142 2306 1139 2394; baseline -0.005 -23"><span class='ocrx_word' id='word_1_182' title='bbox 142 2306 274 2372; x_wconf 81' lang='lat' dir='ltr'>Etenim</span> <span class='ocrx_word' id='word_1_183' title='bbox 291 2328 410 2371; x_wconf 87' lang='lat' dir='ltr'>nomen</span> <span class='ocrx_word' id='word_1_184' title='bbox 428 2307 532 2394; x_wconf 82' lang='lat' dir='ltr'>legati</span> <span class='ocrx_word' id='word_1_185' title='bbox 552 2308 620 2372; x_wconf 86' lang='lat' dir='ltr'>eius</span> <span class='ocrx_word' id='word_1_186' title='bbox 643 2308 732 2372; x_wconf 92' lang='lat' dir='ltr'>modi</span> <span class='ocrx_word' id='word_1_187' title='bbox 755 2329 825 2374; x_wconf 86' lang='lat' dir='ltr'>esse</span> <span class='ocrx_word' id='word_1_188' title='bbox 848 2309 952 2393; x_wconf 88' lang='lat' dir='ltr'>debet,</span> <span class='ocrx_word' id='word_1_189' title='bbox 976 2309 1065 2393; x_wconf 91' lang='lat' dir='ltr'>quod</span> <span class='ocrx_word' id='word_1_190' title='bbox 1084 2325 1139 2372; x_wconf 87' lang='lat' dir='ltr'>non</span> 
     </span>
     <span class='ocr_line' id='line_1_26' title="bbox 143 2394 1166 2480; baseline -0.005 -20"><span class='ocrx_word' id='word_1_191' title='bbox 143 2395 239 2460; x_wconf 89' lang='lat' dir='ltr'>modo</span> <span class='ocrx_word' id='word_1_192' title='bbox 266 2394 353 2460; x_wconf 91' lang='lat' dir='ltr'>inter</span> <span class='ocrx_word' id='word_1_193' title='bbox 380 2395 541 2461; x_wconf 89' lang='lat' dir='ltr'>sociorum</span> <span class='ocrx_word' id='word_1_194' title='bbox 568 2396 652 2480; x_wconf 89' lang='lat' dir='ltr'>iura,</span> <span class='ocrx_word' id='word_1_195' title='bbox 682 2395 738 2460; x_wconf 91' lang='lat' dir='ltr'>sed</span> <span class='ocrx_word' id='word_1_196' title='bbox 765 2395 866 2462; x_wconf 88' lang='lat' dir='ltr'>etiam</span> <span class='ocrx_word' id='word_1_197' title='bbox 893 2396 979 2461; x_wconf 87' lang='lat' dir='ltr'>inter</span> <span class='ocrx_word' id='word_1_198' title='bbox 1005 2395 1166 2462; x_wconf 75' lang='lat' dir='ltr'>hostiumn</span> 
     </span>
     <span class='ocr_line' id='line_1_27' title="bbox 89 2482 1123 2606; baseline -0.001 -58"><span class='ocrx_word' id='word_1_199' title='bbox 89 2542 109 2606; x_wconf 83' lang='lat'><strong>3</strong></span> <span class='ocrx_word' id='word_1_200' title='bbox 112 2544 133 2606; x_wconf 77' lang='lat'>4</span> <span class='ocrx_word' id='word_1_201' title='bbox 142 2483 211 2548; x_wconf 87' lang='lat' dir='ltr'>tela</span> <span class='ocrx_word' id='word_1_202' title='bbox 232 2482 393 2549; x_wconf 87' lang='lat' dir='ltr'>incolume</span> <span class='ocrx_word' id='word_1_203' title='bbox 416 2487 572 2549; x_wconf 88' lang='lat' dir='ltr'>versetur.</span> <span class='ocrx_word' id='word_1_204' title='bbox 811 2572 817 2587; x_wconf 89' lang='lat'><strong>.</strong></span> <span class='ocrx_word' id='word_1_205' title='bbox 1022 2574 1028 2586; x_wconf 37' lang='grc' dir='ltr'>Ι</span> <span class='ocrx_word' id='word_1_206' title='bbox 1057 2575 1063 2588; x_wconf 38' lang='grc' dir='ltr'>Ι</span> <span class='ocrx_word' id='word_1_207' title='bbox 1088 2571 1094 2584; x_wconf 36' lang='lat'><strong><em>¹</em></strong></span> <span class='ocrx_word' id='word_1_208' title='bbox 1117 2569 1123 2582; x_wconf 40' lang='grc'><strong><em>.</em></strong></span> 
     </span>
     <span class='ocr_line' id='line_1_28' title="bbox 89 2570 1138 2755; baseline 0.003 -31"><span class='ocrx_word' id='word_1_209' title='bbox 89 2619 123 2668; x_wconf 65' lang='grc'>86</span> <span class='ocrx_word' id='word_1_210' title='bbox 143 2570 1138 2755; x_wconf 53' lang='lat' dir='ltr'>atqddaiiiihhloblisosimlddmddpiicdeiltldtlis3ohldldipiliteeshulddldddds·</span> 
     </span>
     <span class='ocr_line' id='line_1_29' title="bbox 142 2745 1137 2833; baseline 0.002 -23"><span class='ocrx_word' id='word_1_211' title='bbox 142 2748 238 2814; x_wconf 83' lang='lat' dir='ltr'>ritiae</span> <span class='ocrx_word' id='word_1_212' title='bbox 264 2769 366 2833; x_wconf 86' lang='lat' dir='ltr'>prope</span> <span class='ocrx_word' id='word_1_213' title='bbox 393 2747 525 2829; x_wconf 89' lang='lat' dir='ltr'>modum</span> <span class='ocrx_word' id='word_1_214' title='bbox 552 2747 587 2812; x_wconf 92' lang='lat' dir='ltr'>in</span> <span class='ocrx_word' id='word_1_215' title='bbox 615 2769 674 2812; x_wconf 91' lang='lat' dir='ltr'>suo</span> <span class='ocrx_word' id='word_1_216' title='bbox 703 2769 821 2833; x_wconf 88' lang='lat' dir='ltr'>genere</span> <span class='ocrx_word' id='word_1_217' title='bbox 846 2770 913 2814; x_wconf 89' lang='lat' dir='ltr'>non</span> <span class='ocrx_word' id='word_1_218' title='bbox 939 2750 1053 2814; x_wconf 90' lang='lat' dir='ltr'>levius.</span> <span class='ocrx_word' id='word_1_219' title='bbox 1090 2745 1137 2812; x_wconf 77' lang='lat' dir='ltr'>Ml·</span> 
     </span>
     <span class='ocr_line' id='line_1_30' title="bbox 142 2834 1166 2921; baseline 0 -25"><span class='ocrx_word' id='word_1_220' title='bbox 142 2834 241 2901; x_wconf 89' lang='lat' dir='ltr'>lesios</span> <span class='ocrx_word' id='word_1_221' title='bbox 279 2858 396 2901; x_wconf 87' lang='lat' dir='ltr'>navem</span> <span class='ocrx_word' id='word_1_222' title='bbox 432 2835 596 2920; x_wconf 92' lang='lat' dir='ltr'>poposcit,</span> <span class='ocrx_word' id='word_1_223' title='bbox 634 2856 717 2919; x_wconf 89' lang='lat' dir='ltr'>quae</span> <span class='ocrx_word' id='word_1_224' title='bbox 753 2857 827 2901; x_wconf 91' lang='lat' dir='ltr'>eum</span> <span class='ocrx_word' id='word_1_225' title='bbox 862 2838 1017 2921; x_wconf 87' lang='lat' dir='ltr'>praesidii</span> <span class='ocrx_word' id='word_1_226' title='bbox 1053 2845 1166 2904; x_wconf 67' lang='lat' dir='ltr'>causas</span> 
     </span>
     <span class='ocr_line' id='line_1_31' title="bbox 142 2921 1136 3010; baseline 0.006 -24"><span class='ocrx_word' id='word_1_227' title='bbox 142 2921 297 3005; x_wconf 82' lang='lat' dir='ltr'>Myndum</span> <span class='ocrx_word' id='word_1_228' title='bbox 311 2927 567 3009; x_wconf 88' lang='lat' dir='ltr'>prosequeretur.</span> <span class='ocrx_word' id='word_1_229' title='bbox 603 2922 660 2988; x_wconf 86' lang='lat' dir='ltr'>llli</span> <span class='ocrx_word' id='word_1_230' title='bbox 679 2923 792 2989; x_wconf 87' lang='lat' dir='ltr'>statim</span> <span class='ocrx_word' id='word_1_231' title='bbox 810 2946 1044 3010; x_wconf 86' lang='lat' dir='ltr'>myoparonem</span> <span class='ocrx_word' id='word_1_232' title='bbox 1063 2943 1136 3010; x_wconf 55' lang='lat' dir='ltr'>egre*</span> 
     </span>
     <span class='ocr_line' id='line_1_32' title="bbox 143 3009 1137 3095; baseline 0.007 -23"><span class='ocrx_word' id='word_1_233' title='bbox 143 3009 233 3094; x_wconf 85' lang='lat' dir='ltr'>gium</span> <span class='ocrx_word' id='word_1_234' title='bbox 251 3009 290 3074; x_wconf 90' lang='lat' dir='ltr'>de</span> <span class='ocrx_word' id='word_1_235' title='bbox 309 3033 367 3077; x_wconf 87' lang='lat' dir='ltr'>sua</span> <span class='ocrx_word' id='word_1_236' title='bbox 386 3012 490 3077; x_wconf 88' lang='lat' dir='ltr'>classe</span> <span class='ocrx_word' id='word_1_237' title='bbox 509 3015 660 3076; x_wconf 89' lang='lat' dir='ltr'>ornatum</span> <span class='ocrx_word' id='word_1_238' title='bbox 679 3015 777 3095; x_wconf 86' lang='lat' dir='ltr'>atque</span> <span class='ocrx_word' id='word_1_239' title='bbox 798 3016 961 3077; x_wconf 88' lang='lat' dir='ltr'>armatum</span> <span class='ocrx_word' id='word_1_240' title='bbox 985 3013 1137 3078; x_wconf 82' lang='lat' dir='ltr'>dederunt.</span> 
     </span>
     <span class='ocr_line' id='line_1_33' title="bbox 141 3094 1137 3186; baseline 0.004 -26"><span class='ocrx_word' id='word_1_241' title='bbox 141 3094 213 3161; x_wconf 91' lang='lat' dir='ltr'>Hoc</span> <span class='ocrx_word' id='word_1_242' title='bbox 239 3099 401 3179; x_wconf 88' lang='lat' dir='ltr'>praesidio</span> <span class='ocrx_word' id='word_1_243' title='bbox 428 3099 583 3182; x_wconf 88' lang='lat' dir='ltr'>Myndum</span> <span class='ocrx_word' id='word_1_244' title='bbox 615 3099 779 3183; x_wconf 86' lang='lat' dir='ltr'>profectus</span> <span class='ocrx_word' id='word_1_245' title='bbox 806 3104 867 3164; x_wconf 87' lang='lat' dir='ltr'>est.</span> <span class='ocrx_word' id='word_1_246' title='bbox 911 3099 998 3167; x_wconf 93' lang='lat' dir='ltr'>Nam</span> <span class='ocrx_word' id='word_1_247' title='bbox 1027 3100 1137 3186; x_wconf 72' lang='lat' dir='ltr'>quida</span> 
     </span>
     <span class='ocr_line' id='line_1_34' title="bbox 141 3182 1136 3275; baseline 0.009 -29"><span class='ocrx_word' id='word_1_248' title='bbox 141 3182 277 3248; x_wconf 88' lang='lat' dir='ltr'>Milesiis</span> <span class='ocrx_word' id='word_1_249' title='bbox 304 3184 398 3249; x_wconf 85' lang='lat' dir='ltr'>lanae</span> <span class='ocrx_word' id='word_1_250' title='bbox 425 3187 554 3271; x_wconf 89' lang='lat' dir='ltr'>publice</span> <span class='ocrx_word' id='word_1_251' title='bbox 581 3187 768 3270; x_wconf 87' lang='lat' dir='ltr'>abstulerit,</span> <span class='ocrx_word' id='word_1_252' title='bbox 795 3188 876 3254; x_wconf 90' lang='lat' dir='ltr'>item</span> <span class='ocrx_word' id='word_1_253' title='bbox 898 3189 937 3254; x_wconf 91' lang='lat' dir='ltr'>de</span> <span class='ocrx_word' id='word_1_254' title='bbox 961 3186 1136 3275; x_wconf 80' lang='lat' dir='ltr'>sumptuin</span> 
     </span>
     <span class='ocr_line' id='line_1_35' title="bbox 142 3270 1165 3362; baseline 0.005 -30"><span class='ocrx_word' id='word_1_255' title='bbox 142 3270 330 3353; x_wconf 87' lang='lat' dir='ltr'>adventum,</span> <span class='ocrx_word' id='word_1_256' title='bbox 357 3273 396 3336; x_wconf 91' lang='lat' dir='ltr'>de</span> <span class='ocrx_word' id='word_1_257' title='bbox 422 3273 627 3340; x_wconf 90' lang='lat' dir='ltr'>coutumeliis</span> <span class='ocrx_word' id='word_1_258' title='bbox 653 3278 687 3340; x_wconf 90' lang='lat' dir='ltr'>et</span> <span class='ocrx_word' id='word_1_259' title='bbox 708 3274 837 3341; x_wconf 89' lang='lat' dir='ltr'>iniuriis</span> <span class='ocrx_word' id='word_1_260' title='bbox 859 3277 895 3340; x_wconf 92' lang='lat' dir='ltr'>in</span> <span class='ocrx_word' id='word_1_261' title='bbox 918 3278 1165 3362; x_wconf 62' lang='lat' dir='ltr'>magistratuum⁵</span> 
     </span>
     <span class='ocr_line' id='line_1_36' title="bbox 140 3355 1134 3449; baseline 0.006 -33"><span class='ocrx_word' id='word_1_262' title='bbox 140 3355 304 3419; x_wconf 81' lang='lat' dir='ltr'>Milesium</span> <span class='ocrx_word' id='word_1_263' title='bbox 321 3360 454 3422; x_wconf 89' lang='lat' dir='ltr'>tametsi</span> <span class='ocrx_word' id='word_1_264' title='bbox 473 3360 536 3425; x_wconf 86' lang='lat' dir='ltr'>diei</span> <span class='ocrx_word' id='word_1_265' title='bbox 553 3382 626 3426; x_wconf 92' lang='lat' dir='ltr'>curn</span> <span class='ocrx_word' id='word_1_266' title='bbox 644 3383 729 3446; x_wconf 86' lang='lat' dir='ltr'>vere,</span> <span class='ocrx_word' id='word_1_267' title='bbox 751 3367 822 3428; x_wconf 92' lang='lat' dir='ltr'>tum</span> <span class='ocrx_word' id='word_1_268' title='bbox 842 3365 987 3449; x_wconf 79' lang='lat' dir='ltr'>graviter</span> <span class='ocrx_word' id='word_1_269' title='bbox 1006 3369 1040 3430; x_wconf 88' lang='lat' dir='ltr'>et</span> <span class='ocrx_word' id='word_1_270' title='bbox 1056 3363 1134 3430; x_wconf 89' lang='lat' dir='ltr'>vehe-</span> 
     </span>
     <span class='ocr_line' id='line_1_37' title="bbox 141 3442 1174 3534; baseline 0.006 -30"><span class='ocrx_word' id='word_1_271' title='bbox 141 3442 266 3504; x_wconf 88' lang='lat' dir='ltr'>menter</span> <span class='ocrx_word' id='word_1_272' title='bbox 301 3446 424 3525; x_wconf 85' lang='lat' dir='ltr'>potest,</span> <span class='ocrx_word' id='word_1_273' title='bbox 461 3449 572 3510; x_wconf 88' lang='lat' dir='ltr'>tamen</span> <span class='ocrx_word' id='word_1_274' title='bbox 609 3447 714 3513; x_wconf 89' lang='lat' dir='ltr'>dicere</span> <span class='ocrx_word' id='word_1_275' title='bbox 749 3452 1012 3534; x_wconf 86' lang='lat' dir='ltr'>praetermittam</span> <span class='ocrx_word' id='word_1_276' title='bbox 1048 3467 1135 3533; x_wconf 87' lang='lat' dir='ltr'>eaque</span> <span class='ocrx_word' id='word_1_277' title='bbox 1173 3471 1174 3534; x_wconf 64' lang='lat' dir='ltr'>j</span> 
     </span>
    </p>
   </div>
   <div class='ocr_carea' id='block_1_3' title="bbox 0 0 1203 3938">
    <p class='ocr_par' dir='ltr' id='par_1_3' title="bbox 0 0 1203 3938">
     <span class='ocr_line' id='line_1_38' title="bbox 0 0 1203 3938; baseline 0 0"><span class='ocrx_word' id='word_1_278' title='bbox 0 0 1203 3938; x_wconf 95' lang='lat' dir='ltr'> </span> 
     </span>
    </p>
   </div>
  </div>
 </body>
</html>
