2470 3936
328 103 435 159 trev
467 104 545 160 OAP.
563 112 668 164 ss-ce
687 111 703 173 e
723 112 870 164 rra-11⁷.
1038 105 1103 171 471

93 245 159 312 iste
188 247 223 314 in
249 249 343 314 tenta
369 271 404 313 re
431 253 484 314 tot
508 248 678 318 hominum
701 249 736 314 T.
754 249 904 318 Vettium
931 249 973 315 ad
997 271 1032 316 se
1055 269 1105 318 or·

95 334 205 418 cessit,
223 340 428 418 quaestorem
445 359 547 421 suurn,
565 338 655 404 cuius
674 338 809 404 consilio
827 341 1104 422 uteretur,neque

94 421 135 486 P.
150 421 316 508 Ceruium,
342 426 443 492 talem
466 426 584 509 uirum,
611 427 771 512 legatum,
798 427 854 511 qui
876 426 953 510 quia
974 426 1104 512 legatus

96 510 162 576 istc
194 515 345 596 praetore
375 513 411 578 in
435 510 548 582 sieilia
578 513 653 597 fuis,
684 513 808 598 primus
841 515 883 580 ab
914 515 980 581 isto
1008 515 1105 582 iudex

66 598 237 665 sreiectus
263 603 326 683 est,
357 601 415 666 sed
441 601 479 666 (10
507 602 685 686 latronum,
715 601 778 667 hoo
805 605 856 668 est
883 602 921 668 de
949 603 1104 674 comitum

97 707 231 754 suorum
245 689 406 756 sententia
419 689 613 756 condemnat
630 690 744 762 omnis.
775 689 838 756 Hic
855 690 963 756 cuncti
976 687 1085 772 Siculi,
1105 699 1156 749 115

96 775 279 844 fidelissimi
309 781 407 861 atque
439 777 658 861 antiquissimi
684 778 778 861 socii,
808 778 957 862 plurimis
985 777 1104 844 adfecti

96 862 261 930 beneficiis
285 887 305 930 s
327 865 505 932 maioribus
531 866 667 948 nostris,
692 865 837 951 'graviter
859 870 1105 935 commoventur

97 955 134 1016 et
153 951 192 1017 ds
208 953 274 1020 suis
293 954 445 1038 periculis
463 953 666 1038 fortunisque
687 953 837 1020 omnibus
855 954 1103 1038 pertimescuut3

55 1057 83 1098 1⁰
96 1037 230 1125 indigne
260 1039 371 1110 lerunt
401 1041 494 1108 illam
524 1041 731 1109 clementium
760 1041 1103 1126 mansuetudinemque

95 1128 206 1196 nostri
220 1129 348 1214 imperii
366 1129 401 1194 in
418 1132 547 1198 tanturn
569 1129 795 1197 crudelitatem
817 1128 1103 1197 inhumanitatem·

97 1237 163 1300 qua
199 1237 266 1282 esse
300 1238 502 1301 conuersam,
538 1216 744 1285 condemnari
774 1221 827 1284 tot
858 1217 1005 1285 homines
1037 1239 1102 1284 uno
1132 1219 1135 1223 ’

97 1307 244 1388 ternpore
263 1305 354 1372 nullo
378 1305 521 1390 crimine,
543 1305 762 1372 defensionen
785 1327 925 1372 suorum,
939 1305 1103 1372 furtorum

97 1395 281 1476 praetorem
307 1393 480 1479 inprobum
508 1415 547 1460 er
573 1393 800 1480 indignissima
826 1398 931 1461 morte
954 1394 1102 1460 innocen·

56 1497 83 1537 1⁵
97 1479 183 1546 tium
210 1502 370 1564 quaerere.
398 1479 507 1548 ¹Nihil
535 1481 609 1546 addi
636 1482 701 1549 ism
728 1482 870 1565 videtur,
900 1482 1034 1565 iudices,
1062 1482 1103 1548 ad

97 1569 184 1636 hano
211 1569 456 1654 inprobitatem,
483 1570 659 1638 amentiam
686 1570 975 1654 errrclelitatemquc
997 1591 1103 1654 posse,

97 1659 133 1724 et
155 1659 242 1722 reete
263 1657 344 1723 nihil
366 1657 504 1726 videbar.
542 1657 628 1722 Nam
651 1657 776 1726 sicum
799 1658 938 1724 aliorum
960 1657 1103 1742 inprobi-

95 1747 168 1810 tate
182 1747 290 1828 certet,
308 1747 406 1833 longe
425 1765 536 1814 omnes
555 1746 758 1829 multumque
776 1745 956 1830 superabit,
976 1767 1084 1810 secum
1104 1761 1155 1812 116

96 1833 170 1917 ipse
186 1836 300 1917 centul,
321 1834 354 1900 id
377 1834 457 1920 egit,
479 1838 517 1898 ut
539 1851 667 1918 semper
688 1831 837 1918 superius
860 1855 955 1900 suum
975 1832 1102 1901 facinus

56 1937 183 1986 sonoro
215 1921 333 1990 scelere
362 1923 481 1992 vinae.
523 1921 719 1990 Phalacrum
741 1919 988 2006 Centuripinum
1015 1920 1102 1986 dixe

96 2031 170 2074 ram
193 2013 360 2095 exceptum
382 2031 452 2078 csse
475 2032 496 2076 a
515 2008 697 2093 Cleomene,
717 2009 804 2093 quod
826 2009 862 2080 iu
884 2009 953 2074 eius
976 2008 1103 2092 quadri·

96 2096 180 2162 remi
198 2094 383 2164 Cleomenes
401 2101 512 2164 vectus
529 2101 630 2182 easet3
653 2101 772 2180 tamon,
795 2096 871 2180 quia
888 2097 1102 2181 pertimuerat

98 2184 300 2270 adulescens,
327 2186 412 2270 quod
439 2186 573 2252 eandem
600 2207 693 2253 snam
719 2207 850 2252 causam
876 2185 1009 2252 videbat
1031 2205 1101 2248 esse

98 2295 197 2357 qnam
228 2272 373 2358 illorum,
404 2273 460 2356 qni
490 2273 678 2338 innocentes
709 2273 874 2358 peribant,
906 2273 1029 2341 accedit
1061 2271 1102 2340 ad

57 2377 83 2420 rs
96 2360 263 2428 hominem
276 2361 508 2444 Timarchides3
524 2383 543 2426 a
557 2361 660 2428 securi
673 2364 773 2446 negat
788 2381 857 2425 esse
871 2360 902 2424 ei
915 2359 1102 2444 perieulum,

96 2449 459 2606 11ὲί11ΐέ1ῗέ1(
472 2445 854 2602 illuctati
866 2447 1102 2618 illabili?

94 2626 185 2691 niem
195 2624 391 2690 Timarchidi
402 2645 596 2692 numerasse.
618 2621 1155 2690 Lesiasuntbueeinhocreo.11u

95 2713 222 2778 Melum
241 2713 408 2798 virgarum
429 2711 625 2794 nauarchus,
647 2713 745 2777 homo
768 2710 1000 2778 nobilissumus
1024 2732 1101 2780 suec

58 2817 84 2859 ³⁰
97 2799 249 2883 civitatis,
267 2801 373 2885 pretio
392 2800 541 2883 redemit3
558 2799 736 2864 humanum
754 2801 814 2864 est.
845 2797 951 2881 Alius,
966 2819 1007 2867 ne
1026 2819 1102 2864 con-

96 2888 316 2971 demnaretur,
338 2888 507 2972 pecuniam
530 2887 631 2972 dedit,
653 2887 811 2954 recitatum
834 2890 892 2952 est.
933 2884 1009 2952 Non
1031 2886 1102 2952 volt

95 2977 236 3062 populus
250 2975 417 3042 Romanus
431 2975 587 3042 obsoletis
602 2975 793 3042 criminibus
805 2974 949 3040 accusari
956 2973 1102 3056 Verrem,

95 3087 181 3130 nova
211 3065 373 3149 postulat,
402 3063 549 3136 inaudito
581 3063 754 3147 desiderat,
784 3083 851 3128 nou
882 3062 921 3128 de
950 3064 1101 3147 praetore

97 3151 235 3236 Siciliae,
257 3152 314 3217 sed
332 3152 371 3216 de
390 3152 513 3218 nefario
531 3155 671 3235 tyranno
694 3149 766 3216 fieri
787 3150 940 3216 iudicium
964 3149 1102 3216 arbitra·

58 3256 83 3298 00
96 3245 158 3306 tur.
195 3239 406 3306 Inclnduntur
423 3240 459 3304 in
479 3260 641 3308 carcerem
664 3237 883 3320 condemnati,
906 3219 1156 3322 suppliciumlb

96 3327 306 3394 constituitur
336 3328 371 3394 in
402 3327 490 3411 illos,
523 3327 662 3392 sumitur
689 3326 727 3392 de
755 3325 882 3392 miseris
909 3326 1100 3410 parentibus
1225 3381 1226 3390 ,

95 3417 345 3500 nauarchorum
367 3415 582 3500 prohibentur
600 3415 689 3480 adire
707 3414 749 3480 ad
768 3413 863 3498 filios,
886 3413 1101 3499 prohibentur
