2402 3936
296 147 364 201 LIB.
382 147 422 202 ΠΙ
454 148 533 204 cAP.
551 155 658 206 31-34
675 157 691 216 5
710 156 822 206 ‘le-ts.
994 154 1058 218 301

36 289 130 355 dinis
151 311 245 374 sose,
267 287 380 356 verum
403 291 503 356 etiem
525 291 745 358 administros.
785 293 932 360 Eandem
954 297 1058 381 istius,
1078 315 1110 363 rt

35 378 96 462 qui
126 399 165 443 se
193 398 305 464 regem
328 377 512 444 Siculorum
534 401 605 446 esse
626 382 769 466 dicebat,
796 383 962 450 licentiam
984 385 1058 449 libi-

35 467 220 550 dinemque
241 465 342 532 fuisse
366 468 561 553 cognoscite.

106 553 326 620 Aeschrionis
342 553 537 639 Syracusani
555 565 637 622 ux'or
654 561 706 623 est
722 557 813 644 Pipu,
831 559 922 625 euius
939 581 1058 626 nemen

0 681 6 688 ⁴
36 643 139 708 ist'us
169 643 322 727 nequitis
352 646 425 708 tota
452 641 564 710 Sicilie
589 649 805 732 pervagatum
831 652 896 732 est,
927 648 965 713 de
993 670 1057 732 qua

37 731 182 796 muliere
208 751 321 796 uersus
344 731 478 816 plurimi
500 753 600 818 supro
621 734 767 800 tribunal
790 739 824 801 et
847 757 946 821 supra
967 759 1057 822 prae

36 821 124 884 toris
158 821 263 904 capnt
294 820 528 886 scribebantur.
577 820 641 888 Hic
673 821 843 908 Aeschrio,
875 822 975 910 Pipae
1006 824 1057 890 vir

37 908 271 991 adumbratas,
288 907 324 974 in
336 907 586 975 Herbitensibus
597 911 743 976 minis
756 933 860 978 novus
872 912 1058 978 instituitur

37 996 252 1082 publicanus.
287 995 499 1062 Herbitenses
517 1019 590 1064 com
606 999 764 1082 siderent,
784 1000 814 1064 si
831 999 874 1064 ed
886 999 1057 1066 Aeschrio

4 1101 116 1150 ouem
155 1083 301 1169 pretium
332 1085 519 1168 resedisset,
556 1107 591 1152 se
620 1087 664 1152 ad
693 1087 867 1152 arbitrium
896 1088 1056 1155 lubidino-

38 1174 197 1238 sissimee
214 1171 361 1238 mulieris
379 1173 556 1258 spoliatum
573 1174 624 1258 iri,
645 1174 730 1239 liciti
745 1179 824 1241 sunt
841 1196 944 1259 uisque
966 1176 1057 1260 adeo,

40 1261 153 1345 quood
181 1279 219 1325 se
247 1257 373 1326 efficere
395 1281 492 1348 posse
512 1262 767 1328 arbitrabuntur.
810 1261 918 1349 Supra
940 1264 1057 1330 ediscit

39 1348 221 1434 Aeschrio,
251 1369 355 1432 neque
386 1349 473 1414 enim
503 1352 683 1435 metuebat,
713 1373 755 1417 ne
782 1356 932 1437 praetore
954 1351 1057 1418 Verre

40 1438 226 1503 decumam
244 1437 361 1502 mulier
383 1437 501 1503 damno
524 1438 619 1504 adfici
640 1445 760 1524 posset
802 1440 974 1507 Addioitur
993 1463 1057 1506 me·

7 1527 194 1591 edimnum
221 1528 321 1609 l'r‘nc,
357 1525 490 1592 dimidio
525 1525 593 1592 fere
623 1527 729 1612 pluris
761 1551 859 1614 quam
891 1530 1057 1615 superiore

42 1635 139 1680 enno.
183 1613 343 1680 Aratores
370 1613 516 1680 funditus
545 1616 786 1700 evertebantur,
816 1621 849 1682 et
875 1640 915 1684 eo
939 1619 1057 1704 magis,

42 1703 131 1787 quod
160 1701 231 1767 ism
259 1702 479 1786 superioribus
505 1703 599 1768 unni·
627 1703 741 1770 afflicti
768 1709 862 1770 oront
889 1727 926 1771 so
954 1727 1056 1791 paene

41 1791 173 1876 perditi.
215 1789 381 1856 intellexit
398 1789 462 1856 iste
483 1791 532 1856 ite
553 1811 674 1877 magno
696 1791 833 1875 venisse,
855 1796 893 1856 ut
916 1793 1055 1876 emplius

1 1945 3 1947 ,
43 1880 83 1944 sb
101 1877 358 1944 Herbitensibus
375 1879 515 1964 exprimi
529 1901 598 1944 non
615 1882 741 1964 posset,
765 1879 867 1944 demit
887 1879 928 1944 de
951 1879 1056 1961 capite

10 1968 213 2033 ”medimna
230 1983 295 2053 nc,
326 1966 417 2032 iubet
443 1967 479 2030 in
504 1967 634 2032 tebulss
660 1989 722 2052 pro
749 1965 948 2032 medimnum
970 1969 1056 2034 ffr‘r‘rc

43 2055 162 2121 referri
184 2057 273 2121 ῆι).

108 2143 239 2209 Hordei
274 2143 423 2208 desumus
457 2143 600 2210 eiusdem
633 2143 706 2230 egri
736 2143 891 2210 Docimus
924 2148 1056 2210 emeret.
1066 2134 1109 2197 34

45 2231 107 2298 Hic
138 2236 192 2297 est
218 2231 386 2315 Docimus,
418 2229 460 2297 ed
485 2251 582 2316 quem
608 2231 671 2296 iste
696 2231 874 2298 deduxerat
901 2231 1055 2316 Tertiam,
1076 2212 1109 2261 ⁷⁸

45 2320 166 2385 Isidori
195 2318 287 2385 mimi
311 2319 414 2384 filiam
440 2319 474 2384 vi
501 2317 675 2385 obductam
698 2321 740 2384 eb
763 2320 892 2387 Rhodio
913 2321 1057 2387 tibicine.

12 2408 152 2473 rsHuins
185 2406 315 2473 Tertiae
345 2407 420 2492 plus
452 2406 552 2472 etiem
584 2428 682 2490 quem
708 2407 821 2492 Pipae,
853 2409 927 2492 plus
960 2431 1057 2493 quum

46 2501 229 2562 ceterarum
257 2517 294 2560 ac
317 2517 420 2580 prope
443 2495 547 2560 dicem
568 2498 700 2560 tentum
722 2495 808 2580 npud
830 2496 931 2562 istum
953 2496 989 2561 in
1010 2495 1058 2560 Si-

46 2584 174 2649 ciliensi
192 2587 346 2668 praetura
364 2583 541 2648 auctoritas
560 2583 677 2668 potuit,
699 2587 857 2668 quantum
876 2584 911 2649 in
931 2584 1057 2649 urbano

47 2671 245 2737 Chelidonis.
289 2670 433 2737 Veniunt
458 2670 630 2736 Herbitam
658 2671 721 2736 duo
748 2673 909 2756 praetoris
938 2671 1057 2736 semuli

45 2781 111 2826 non
124 2759 268 2844 molesti,
286 2759 550 2824 moliererdernm
563 2760 821 2826 deterrumarum
835 2759 1057 2844 inprobissimi

16 2849 248 2934 omgnitores,
273 2847 434 2931 incipiunt
455 2847 636 2931 postulare,
663 2867 809 2930 poscere,
835 2847 966 2928 minori,
989 2867 1057 2911 non

48 2940 202 3020 poterent
216 2939 335 3019 temen,
349 2955 422 3000 cum
436 2939 599 3020 cuperent,
614 2935 738 3001 imitori
745 2935 940 3020 Apronium,
956 2931 1057 2999 Siculi

48 3021 175 3090 Siculos
200 3044 268 3088 non
294 3026 363 3089 tem
386 3023 668 3108 pertimescebant.
713 3021 796 3088 (lum
819 3022 908 3088 omni
929 3021 1056 3087 ratione

47 3117 157 3178 temen
197 3112 248 3176 illi
287 3111 573 3196 calumniarentur,
611 3111 809 3195 promittunt
843 3108 1056 3176 Herbitenses

49 3199 270 3265 vadimonium
296 3197 480 3284 Syreoueos.
524 3199 574 3264 Eo
601 3203 815 3284 posteaquam
841 3201 974 3264 ventum
996 3200 1057 3281 est,

18 3293 210 3374 ¹scoguntnr
242 3287 447 3370 Aeschrioni,
483 3285 544 3353 hoc
581 3291 631 3352 est
661 3284 775 3370 Pipse,
811 3289 939 3351 tantum
971 3286 1057 3369 dere,

50 3380 207 3460 quantum
222 3381 293 3441 erat
307 3377 346 3442 de
360 3375 467 3460 capite
480 3375 657 3460 demptum,
675 3374 777 3440 tritici
790 3375 933 3440 modium
943 3377 989 3438 ni
1000 3391 1056 3440 nc.

50 3462 259 3530 Mulierculae
271 3465 465 3549 publicunoe
478 3463 585 3529 noluit
602 3481 642 3527 ex
660 3463 802 3528 decumis
819 3463 957 3528 nimium
975 3462 1057 3527 lucri
