2386 3938
98 1294 132 1342 64

148 128 211 192 118
387 124 426 180 IN
444 123 476 190 Q.
491 120 689 180 clnculum
706 119 906 176 DIVINATIO.

146 293 187 337 nc
208 271 309 336 libido
331 268 502 335 violandae
524 266 771 333 necessitudinis
794 265 987 332 auctoritate
1010 265 1144 332 iudicum

147 359 422 444 comprobaretur.
467 357 575 440 Atque
599 355 656 420 ille
679 353 737 420 On
754 353 928 439 Pompeius
951 355 998 420 ite
1022 375 1096 420 cum
1115 351 1145 418 Ο.

147 448 231 513 Iulio
257 447 437 529 contendit,
463 449 501 510 ut
523 448 561 509 tu
583 464 722 527 mecum3
749 446 902 528 quaestor
925 443 1011 508 enim
1035 441 1146 507 Albuci

147 536 263 620 fuerat,
285 538 322 601 ut
340 539 377 600 tu
394 530 645 616 Verris31ulius
668 533 730 598 hoc
753 553 861 597 secum
884 531 1092 598 auctoritatis
1113 529 1148 594 ad

149 624 363 691 accusandum
390 622 559 704 afferebat,
588 621 686 706 quod,
714 623 751 684 ut
774 619 837 685 hoc
859 623 1006 706 tempore
1029 640 1090 685 nos
1112 618 1167 681 abs

148 711 279 795 Siculis,
303 712 350 776 sic
366 714 438 775 turn
456 710 513 774 ille
533 709 574 775 ab
593 707 704 773 Sardis
727 712 862 794 rogetus
886 708 927 773 ad
950 729 1085 774 causum
1106 728 1148 771 ac

149 803 298 868 cesserat.
335 796 468 883 Semper
485 798 565 863 haec
584 819 682 862 causa
699 796 875 882 plurimum
893 797 1009 881 valuit,
1031 817 1148 880 semper

148 889 228 954 haec
264 887 349 953 ratio
382 886 553 952 accusandi
583 886 646 950 fuit
678 884 921 969 honestissima,
957 906 1018 970 pro
1053 883 1148 964 sociis,

148 998 209 1062 pro
235 978 340 1041 salute
362 975 560 1061 provinciae,
586 995 647 1059 pro
671 977 855 1038 exterarum
876 973 1051 1040 nationum
1074 993 1148 1037 com-

149 1064 253 1130 modis
285 1062 472 1130 inimicitias
505 1063 680 1148 suscipere,
712 1062 753 1127 ad
783 1061 964 1146 periculum
997 1060 1149 1141 accedere,

195 1175 296 1237 eram,
320 1153 476 1235 studium,
498 1152 644 1216 laborem
667 1151 881 1235 interponere.

97 1176 193 1280 20οΡ
217 1241 349 1307 Etenim
368 1241 397 1306 si
413 1239 593 1327 probabilis
612 1242 663 1304 est
681 1260 793 1304 eorum
813 1259 919 1324 causa,
943 1238 1000 1323 qui
1022 1238 1148 1304 iniurias

151 1352 226 1396 suas
252 1329 403 1414 persequi
429 1329 559 1412 volunt,
585 1350 648 1412 quo
674 1327 710 1393 in
737 1348 772 1392 re
797 1326 903 1392 dolori
925 1348 999 1412 suo,
1022 1349 1090 1392 non
1111 1324 1150 1388 rei

149 1417 298 1502 publicae
335 1415 511 1482 commodis
546 1415 705 1499 serviunt,
741 1419 863 1500 quanto
895 1415 955 1480 illa
987 1414 1149 1480 honestior

150 1527 247 1570 causa
266 1508 325 1588 est,
344 1525 426 1588 quae
444 1525 510 1568 non
528 1503 636 1568 solum
652 1503 832 1589 probabilis
849 1503 963 1588 videri,
982 1503 1041 1569 sed
1060 1503 1149 1569 etiam

114 1585 121 1604 '
149 1596 246 1678 grata
273 1613 344 1656 esse
373 1590 482 1675 debet,
508 1591 600 1657 nulla
627 1592 787 1677 privatim
808 1596 940 1676 accepta
963 1592 1085 1658 iniuria
1106 1611 1148 1654 so·

99 2303 132 2353 65

150 1681 273 1747 ciorum
301 1684 398 1765 atquc
424 1679 603 1745 amicorum
624 1681 738 1765 populi
760 1680 901 1747 Romam
924 1681 1038 1746 dolore
1061 1684 1148 1764 etque

149 1769 276 1835 iniuriis
304 1769 512 1836 commoverit
548 1767 661 1853 Nuper
684 1791 757 1834 cum
783 1769 819 1834 in
846 1768 881 1834 P.
902 1767 1080 1835 Gabinium
1105 1767 1148 1832 vir

148 1858 348 1924 fortissimus
367 1861 401 1923 et
422 1857 705 1924 innocentissimus
728 1857 764 1923 L.
781 1857 857 1922 Piso
882 1857 1080 1924 delationem
1101 1876 1148 1919 no

149 1947 246 2013 minis
273 1948 457 2032 postularet
485 1950 517 2011 et
540 1949 654 2012 contra
676 1943 713 2021 Q.
733 1944 892 2011 Caecilius
914 1950 1043 2032 peteret
1066 1947 1146 2028 isque

83 2105 85 2109 ,
151 2057 185 2100 se
202 2039 328 2100 veteres
346 2035 533 2099 inimicitias
552 2034 618 2100 ium
637 2034 692 2098 diu
715 2038 881 2120 susceptas
899 2036 1051 2120 persequi
1074 2033 1147 2098 dice

150 2126 214 2206 ret,
237 2143 311 2186 cum
329 2122 505 2187 auctoritas
529 2127 562 2186 ct
585 2122 726 2207 dignitas
749 2121 878 2187 Pisonis
901 2122 1035 2188 valebat
1056 2119 1147 2206 pluri-

150 2231 253 2292 mum,
281 2213 353 2274 tum
375 2209 434 2273 illa
457 2213 527 2276 erat
550 2231 647 2276 causa
668 2210 863 2294 iustissima,
887 2211 974 2296 quod
997 2232 1072 2277 eum
1093 2205 1148 2273 sibi

151 2297 273 2362 Achaei
299 2300 475 2380 petranum
503 2299 705 2382 adoptarent
750 2298 882 2364 Etenim
909 2320 983 2365 cum
1011 2299 1064 2366 lex
1085 2298 1147 2381 ipsa
1174 2271 1175 2340 i

77 2451 81 2466 ζ
151 2386 190 2450 de
204 2385 348 2468 pecuniis
362 2387 547 2470 repetundis
563 2387 723 2452 sociorum
738 2391 834 2471 atque
848 2387 1026 2453 amicorum
1043 2382 1146 2484 populi
1166 2393 1173 2406 '

149 2473 289 2539 Romani
307 2477 446 2558 patrone
464 2475 517 2559 sit,
539 2474 686 2559 iniquum
709 2479 847 2540 estnon
869 2497 943 2540 eum
966 2475 1051 2562 legis
1072 2471 1145 2538 iun-

151 2561 256 2647 ciique
272 2565 415 2627 actorem
433 2563 585 2628 idoneum
602 2563 741 2628 maxime
759 2563 878 2648 putari,
896 2585 993 2648 quem
1012 2567 1144 2630 actorem

150 2673 266 2717 causae
295 2671 372 2715 suae
400 2651 479 2716 socii
506 2651 770 2736 defensoremque
794 2651 1001 2718 fortunarum
1025 2668 1145 2717 sucrum
1174 2711 1175 2728 ,

84 2773 86 2779 ·
150 2738 357 2824 potissimum
384 2760 454 2804 esse
475 2741 658 2805 voluerunt.
698 2738 764 2824 An,
792 2740 877 2824 quod
900 2739 941 2806 ad
964 2756 1144 2806 commemo-

80 2863 86 2870 ·
149 2828 286 2893 randum
314 2831 364 2893 est
391 2827 573 2911 honestius,
600 2828 634 2892 id
662 2827 703 2892 ad
729 2828 932 2912 probandum
959 2850 1027 2895 non
1050 2759 1175 2924 multoei

77 2936 83 2948 ·
149 2915 252 2981 videri
267 2915 364 2982 debet
382 2915 536 3000 aequius?
554 2915 653 2992 ¹Utra
666 2915 769 3002 igitur
786 2919 837 2980 est
856 2916 1062 3002 splendidior,
1079 2917 1144 2979 utre
1174 2927 1175 2982 t

141 3002 311 3068 >illustrior
328 3004 606 3070 commemoratio:
630 3003 802 3070 ‘Accusavi
822 3025 904 3088 eum,
927 3004 979 3071 cui
1002 3005 1144 3098 quaestor

149 3089 284 3174 fueram,
307 3092 435 3175 quicum
453 3113 505 3157 me
524 3112 595 3158 sors
614 3092 874 3176 consuetudoque
895 3093 1063 3176 maiorum,
1085 3110 1144 3174 qui·
1174 3101 1175 3186 q

151 3198 223 3242 cum
251 3199 302 3242 me
330 3179 463 3245 deorum
490 3179 720 3264 hominumque
747 3179 900 3245 iudicium
923 3172 1141 3257 coniunxerat'

151 3287 205 3329 an:
235 3263 406 3331 ‘Accusavi
433 3271 552 3353 rogatu
579 3268 740 3333 sociorum
763 3271 860 3352 atque
884 3269 1073 3351 amicorum,
1098 3265 1175 3334 (ie-³⁵1

149 3351 253 3414 lectus
272 3373 344 3415 sum
363 3353 403 3416 eb
423 3354 574 3419 universa
592 3355 766 3439 provincie,
790 3357 846 3440 qui
868 3357 937 3421 eius
959 3358 1033 3422 iura
1053 3355 1140 3420 fortu·
1174 3347 1175 3436 J

149 3457 272 3520 nasque
291 3436 537 3505 defendereml?
567 3441 726 3506 Dubitare
745 3444 916 3526 quisquam
934 3448 1052 3529 potest,
1073 3440 1142 3526 quin
