2392 3944
266 155 335 222 ΜΒ.
354 165 368 219 1
413 165 490 222 cer.
509 171 614 222 so-se
633 169 649 233 s
668 172 816 224 rso-152.
982 169 1046 236 195

49 309 174 394 putabat
196 327 232 374 se
255 309 380 393 aliquid
407 308 602 375 defensionis
630 309 832 395 habiturum3
858 311 1046 380 Habonium

49 418 134 481 porro
171 397 388 483 intellegebat
427 419 496 464 rem
537 401 642 463 totam
683 421 753 464 esse
797 399 1047 484 patefacturum.

50 485 180 550 Tametsi
206 486 286 570 quid
310 489 440 570 poterat
467 508 538 552 esse
561 487 719 573 apertius,
747 509 844 572 quam
866 509 951 556 nuno
974 490 1045 554 est?

49 569 86 636 Ut
105 595 168 639 uno
190 574 299 639 minus
322 578 407 639 teste
428 573 577 659 haberet,
599 574 751 641 Habonio
776 597 857 661 opus
880 577 915 642 in
938 597 1046 661 aceep-

30 665 106 726 stun
122 662 254 727 rettulit
268 662 479 746 quadriennio
493 667 578 748 post,
597 684 695 747 quam
709 663 793 728 diem
807 663 898 750 operi
911 664 1046 730 dixerat.

48 748 105 816 Hae
130 750 333 835 condicione,
360 751 389 815 si
412 751 485 835 quis
509 752 548 816 de
570 751 692 836 populo
714 752 900 838 redemptor
923 765 1099 820 aeres-150

49 837 141 923 sisset,
169 860 236 904 non
266 843 352 905 esset
378 861 468 923 usus3
499 861 571 906 oum
599 839 650 905 die
678 844 802 928 eeteros
825 841 1046 927 redemptores

50 927 236 1012 exclusisset,
254 931 325 992 tum
343 927 378 992 in
396 925 464 992 eins
484 928 656 994 arbitrium
673 950 711 993 ao
724 932 922 1012 potestatem
936 931 1046 997 venire

48 1015 200 1100 nolebant,
224 1015 280 1099 qui
299 1015 362 1080 sibi
380 1019 527 1100 ereptam
545 1016 698 1100 praedam
718 1016 939 1084 arbitraretur.
975 1018 1046 1084 Nos

22 1124 78 1167 ane
98 1107 377 1189 argumentemur,
397 1126 468 1189 „quo
492 1105 557 1170 ista
578 1105 715 1190 pecunia
740 1106 939 1191 pervenerit,
965 1106 1046 1172 facit

47 1191 103 1276 ipse
131 1190 300 1258 indicium.
348 1191 508 1276 Primum,
545 1215 615 1259 eum
648 1193 870 1259 vehementius
902 1215 975 1260 oum
1007 1216 1045 1260 eo

47 1277 77 1344 D.
96 1277 220 1346 Brutus
248 1280 468 1365 contenderet,
496 1281 552 1366 qui
578 1281 617 1346 de
645 1303 705 1347 sua
730 1281 867 1366 pecunia
893 1279 949 1346 HS
972 1299 1046 1348 nux

47 1367 123 1433 milia
156 1370 354 1453 numeravit,
384 1369 469 1454 quod
500 1369 567 1436 iam
598 1370 662 1434 iste
693 1369 778 1434 ferre
809 1391 876 1436 non
906 1374 1046 1456 poterat,

48 1477 128 1539 opere
154 1457 297 1542 addioto,
319 1459 492 1542 praedibus
515 1458 655 1543 aooeptis
678 1458 717 1523 de
739 1455 796 1523 HS
817 1477 891 1524 nnx
913 1459 1046 1525 milibus

23 1546 162 1610 aremisis
187 1544 228 1610 D.
255 1544 359 1612 Bruto
386 1545 442 1611 HS
470 1563 515 1611 cx
542 1546 641 1612 milia.
690 1545 775 1632 Hoo,
804 1547 832 1612 si
859 1548 966 1613 aliena
993 1569 1045 1615 res

49 1638 127 1718 esset,
146 1637 234 1699 eerte
251 1632 359 1700 faeere
376 1655 442 1700 non
455 1636 625 1720 potuisset.
662 1634 786 1700 Deinde
799 1637 924 1701 nummi
936 1657 1046 1702 nume·

48 1721 99 1784 rati
116 1726 194 1786 sunt
213 1719 396 1806 Cornificio,
419 1744 515 1807 quem
533 1723 673 1788 scribam
692 1744 787 1788 suurn
804 1723 905 1789 fuisse
925 1744 1046 1808 negare

49 1829 101 1874 non
120 1813 241 1895 potest.
277 1809 448 1876 Postremo
468 1811 571 1895 ipsius
589 1809 721 1876 Haboni
738 1811 872 1875 tabulae
890 1809 1044 1894 praedam

48 1895 125 1962 illam
144 1898 242 1964 istius
264 1898 365 1963 fuisse
388 1898 539 1964 clamant.
576 1898 699 1964 lteeita.
726 1900 876 1967 Nouius
893 1897 1043 1964 Hnaoru.
1054 1953 1097 2017 58

20 2002 39 2044 a
100 1985 163 2052 Hie
184 1987 283 2052 etiam
307 1986 415 2072 priore
439 1987 565 2053 actione
588 1986 624 2063 Q.
646 1985 842 2052 Hortensius
865 1986 1027 2071 pupillum
1047 2029 1096 2078 1⁶1

49 2069 163 2140 lunium
185 2074 313 2140 venisse
339 2078 580 2160 praetextatum
606 2075 642 2140 in
668 2079 814 2140 vestrum
837 2077 1045 2159 conspectum

49 2164 74 2223 et
98 2163 226 2228 stetisse
255 2185 326 2228 eum
353 2166 471 2246 patruo
498 2163 721 2229 testimonium
754 2162 879 2228 dicente
912 2166 1044 2248 questus

49 2253 88 2312 est
105 2256 136 2315 et
154 2273 207 2316 me
224 2251 428 2336 populariter
443 2272 539 2337 agere
553 2256 652 2335 atque
665 2250 821 2316 invidiam
835 2273 1045 2337 commovere,

50 2338 122 2418 quod
130 2361 269 2425 puerum
276 2340 495 2424 produoerem,
506 2339 697 2405 clamitavit.
720 2338 804 2415 Quid
816 2343 896 2422 erat,
906 2338 1045 2406 Horten·

20 2425 83 2508 asi,
107 2428 238 2493 tandem
265 2427 301 2491 in
326 2429 384 2493 illo
407 2449 507 2518 puero
530 2428 701 2512 populare,
728 2426 806 2511 quid
827 2428 1045 2494 invidiosum?

50 2510 186 2601 Gmeehi,
219 2515 328 2601 oredo,
360 2518 417 2581 aut
449 2515 616 2581 Saturnini
641 2518 705 2581 ,aut
720 2514 872 2582 'alieuius
903 2516 1045 2582 hominis

49 2601 106 2667 eius
138 2604 228 2670 modi
264 2605 479 2689 produxeram
514 2604 633 2687 filium,
668 2607 706 2669 ut
741 2604 870 2670 nomine
906 2605 978 2689 ipso
1013 2608 1046 2668 et

49 2691 1045 2865 samurens-

109 2830 115 2844 ·
183 2831 192 2846 ·
918 2829 927 2862 r
1037 2829 1046 2862 r

23 2881 132 2948 uquam
152 2873 248 2954 pater
266 2831 407 2934 morieris
426 2891 499 2934 oum
517 2868 681 2934 tutoribus
700 2873 734 2933 et
751 2867 952 2953 propinquis,
974 2871 1045 2932 tum

50 2951 176 3042 legibus,
213 2961 285 3023 tum
321 2957 478 3041 aequitati
510 2956 776 3058 magistratuum,
811 2959 883 3019 tum
918 2953 1044 3019 iudiciis

50 3045 153 3110 vestris
180 3046 440 3112 commendatum
468 3048 606 3129 putavrt.
654 3043 719 3110 Hie
744 3042 839 3108 istius
869 3042 1096 3136 soelerat0152

50 3130 223 3219 nefarioque
250 3134 423 3200 latrocinio
449 3133 544 3199 bonis
572 3133 687 3218 patriis
714 3130 917 3217 fortunisque
945 3132 1045 3196 omni-

50 3215 102 3284 bus
122 3222 279 3307 spoliatus
302 3222 448 3289 venitin
470 3221 633 3305 iudicium,
656 3220 684 3285 si
705 3218 790 3284 nihil
808 3217 905 3304 aliud,
928 3220 1045 3286 saltem

24 3309 82 3369 aue
102 3330 179 3394 eum,
202 3310 290 3377 ouius
314 3331 413 3396 opera
434 3310 504 3393 ipse
528 3310 649 3376 multos
668 3329 770 3374 annos
789 3312 875 3373 esset
893 3307 929 3372 in
946 3307 1045 3373 sordi·

51 3391 112 3480 bus,
130 3399 226 3482 paulo
249 3403 360 3466 tamen
382 3397 561 3466 obsoletius
584 3395 740 3463 vestitum
762 3396 895 3463 videret.
930 3395 1046 3480 Itaque

52 3481 113 3568 tibi,
132 3485 297 3574 Hortensi,
320 3509 387 3555 non
408 3487 499 3553 illius
524 3490 628 3571 aetas,
651 3485 707 3552 sed
730 3507 840 3570 eausa,
862 3507 928 3551 non
950 3483 1046 3550 vesti·
1165 3475 1183 3552 d

779 3587 833 3643 13*
