2422 3952
346 147 422 204 css.
443 153 547 204 ee-rs
566 153 582 213 s
601 153 714 204 err-ro.
987 149 1030 214 53

51 311 181 376 nomem
198 292 275 378 vim,
292 313 445 380 magnam
463 290 699 376 nenessitatem,
717 311 870 376 magnam
886 291 1034 377 possidet

51 379 218 464 religionem
243 385 400 468 paternus
426 384 655 464 maternusque
681 379 828 464 sanguis-3
854 401 981 464 exque
1004 380 1033 445 si

51 490 100 550 qua
117 470 240 534 macula
263 472 419 554 concepta
441 472 505 552 est,
531 488 597 534 non
620 467 716 534 modo
739 467 805 532 elui
825 489 893 532 non
914 471 1034 552 petest,

50 577 140 622 rernm
169 579 273 642 usque
301 579 341 624 eo
370 559 541 642 permanat
568 555 609 622 ad
636 556 793 637 animum,
823 560 862 622 nt
888 575 1034 622 summus

33 644 243 730 sineretque
276 645 420 712 amentia
443 647 673 728 ‚consequatur
717 641 828 710 Nolite
860 643 947 709 enim
978 666 1034 729 pu-
1052 658 1086 708 oc

50 737 114 816 tare,
146 755 242 818 quem
277 734 318 800 ad
348 733 480 801 modum
511 732 547 799 in
574 731 695 799 fabulis
727 752 958 817 saepenumero
980 731 1035 796 ri·

51 821 121 904 lctis,
138 843 200 905 eos,
223 822 281 906 qui
299 820 422 906 eliquid
439 821 539 906 impie
557 820 775 904 scelerateque
793 819 1037 904 commiserunt,

51 908 146 993 agitari
163 914 196 974 et
214 910 392 994 perterreri
410 907 582 980 Furiarum
602 907 708 974 mois
732 907 928 974 ardentibus.
969 905 1036 973 Suu
1173 976 1179 990 Ι

51 1019 183 1082 quemque
214 997 308 1064 fraus
338 1002 371 1063 ct
398 1017 475 1064 suus
501 1001 607 1062 terror
634 996 774 1062 maxime
798 1000 910 1080 umet,
941 1017 1036 1061 suum

27 1097 185 1170 llciuemque
203 1087 313 1153 scelus
331 1085 438 1171 agitat
461 1083 665 1167 amentiaque
688 1082 807 1166 adficit,
829 1103 906 1149 sune
929 1083 1036 1148 mules

52 1175 243 1259 cogitationes
269 1172 547 1256 conscientiaeque
570 1172 671 1237 animi
693 1174 832 1254 terrent3
857 1171 938 1237 hece
960 1175 1037 1236 sunt

51 1262 136 1345 inpiis
158 1263 311 1328 assiduae
333 1261 592 1344 domesticaeque
612 1258 743 1343 Furiae,
768 1281 850 1343 quse
873 1259 941 1324 dies
962 1279 1037 1325 noo·

52 1353 140 1435 tesqua
152 1355 328 1436 parentum
341 1370 462 1435 poenes
477 1370 498 1416 a
515 1347 835 1414 consceleratissimis
853 1347 932 1412 filiis
948 1369 1037 1431 repe·

53 1443 113 1502 tent.
148 1439 240 1506 Haec
264 1436 458 1524 magnitudo
479 1436 630 1506 maleficii
651 1435 745 1519 fucit,
771 1439 822 1518 ut,
848 1435 912 1502 nisi
934 1456 1036 1520 paene
1055 1447 1089 1498 ss

29 1526 238 1594 1⁵nronifestuur
264 1525 473 1612 parricidium
495 1524 693 1610 proferatur,
721 1524 874 1590 credibile
896 1545 963 1589 non
986 1523 1039 1606 sit,

53 1615 99 1678 nisi
113 1618 216 1701 turpis
236 1614 466 1698 adulescentie,
488 1613 554 1678 nisi
570 1611 722 1700 omnibus
742 1611 878 1698 flagitiis
900 1611 970 1677 rite
991 1611 1038 1676 iu·

55 1703 175 1784 quincta,
200 1703 271 1770 nisi
299 1706 449 1787 sumptus
471 1701 565 1768 effusi
587 1721 660 1766 eum
682 1700 803 1784 probro
827 1703 925 1783 atque
948 1698 1039 1764 dede-

54 1811 119 1876 core,
137 1791 202 1858 nisi
224 1794 405 1878 praerupta
427 1789 573 1872 audacie,
594 1788 660 1854 uisi
680 1791 775 1854 tanta
797 1787 980 1868 temeritas,
1003 1789 1047 1853 ut·

54 1898 101 1941 non
115 1881 226 1963 procul
246 1879 424 1948 abhorreat
441 1878 483 1945 ab
501 1877 639 1944 insania
669 1873 812 1942 Accedat
828 1874 893 1938 liuc
911 1875 1041 1958 oportet

29 1965 139 2032 ”odium
151 1967 311 2053 parentis,
329 1964 617 2036 animadversionis
635 1966 790 2048 paternae
808 1965 925 2044 metus,
944 1960 1040 2026 amici

54 2053 179 2139 inprobi,
197 2055 286 2122 servi
299 2054 429 2136 conscii,
446 2058 575 2138 tempus
593 2051 754 2133 idoneum,
772 2050 862 2116 locus
881 2051 1040 2134 oportune

55 2146 144 2225 coptus
168 2144 213 2210 ad
242 2165 317 2210 eem
341 2163 425 2225 rem,
456 2161 558 2226 paene
586 2140 704 2223 dicam,
724 2159 897 2223 respersus
925 2157 1042 2202 manus

55 2232 188 2384 rr
382 2225 1041 2312 r„

32 2401 138 2478 “Qudne
154 2370 220 2474 lucc
238 2337 428 2490 qnuondd‘idrls
448 2362 498 2472 det
520 2403 688 2487 credibile,
703 2403 768 2468 nisi
790 2402 981 2485 ostenditur,
1003 2421 1044 2466 ec
1060 2411 1094 2460 es

56 2498 139 2579 magis
159 2500 227 2579 est,
250 2493 516 2576 sicensincitnr,
537 2491 774 2560 vindicandum.

104 2581 216 2668 Itaque
231 2605 304 2650 cum
317 2581 429 2650 multis
444 2593 482 2648 ex
496 2580 593 2648 rebus
606 2579 757 2664 intellegi
773 2581 885 2664 potest
902 2577 1043 2642 mniores
1054 2581 1095 2645 25

57 2674 162 2736 nostes
185 2692 263 2738 non.
277 2670 374 2738 modo
397 2668 495 2740 armis
518 2668 593 2753 plus
616 2688 715 2751 quam
735 2669 861 2737 ceteras
874 2665 1044 2746 nationes,

58 2775 145 2824 vuum
173 2760 275 2834 eham
302 2758 438 2829 oonsilio
467 2756 702 2842 sapientiaque·
717 2754 876 2840 potuisse,
906 2755 978 2816 tum
1004 2771 1044 2814 ex

33 2839 103 2910 ²⁰lac
121 2867 153 2912 re
175 2847 230 2914 uel
254 2847 403 2929 mulus,
428 2845 513 2929 quod
533 2843 712 2928 inimpiee
734 2841 902 2928 singulere
921 2836 1044 2922 suppli·

59 2929 124 2998 cium
141 2936 356 3003 invenerunt..
383 2931 508 3009 Quain
524 2953 559 3001 re
580 2933 738 3016 quantum
759 2926 933 3014 prudentia
954 2945 1044 3009 prue-

60 3019 182 3088 stiterint
218 3024 273 3107 iis,
308 3022 365 3106 qni
400 3020 487 3107 apud
522 3024 646 3089 ceteros
680 3012 915 3106 sapientissimi
944 3012 1045 3079 fuisse

60 3103 196 3196 dicuutur,
219 3110 430 3188 considerate
461 3106 719 3177 Prudentissima
741 3103 858 3172 ciuiles
870 3100 1045 3168 Athenien-
1064 3103 1097 3153 ⁷⁰

61 3193 138 3282 dnm,
163 3199 240 3265 dum
263 3221 304 3267 eu
323 3219 432 3266 rerum
454 3196 561 3282 potita
584 3200 648 3278 eet,
674 3192 775 3260 fnisse
797 3190 951 3274 treditm3
976 3189 1045 3256 eius

38 3287 138 3362 llocro
162 3287 305 3354 civitatis
327 3284 605 3374 sapientissimum
622 3279 781 3348 Solonem
804 3280 915 3346 dicunt
936 3277 1046 3378 fuisso,

62 3388 117 3438 eum
133 3375 187 3458 qni
208 3375 308 3462 leges,
329 3373 448 3458 quibus
470 3371 567 3440 hodie
588 3391 717 3454 quoque
739 3372 884 3451 utuntur,
906 3366 1045 3450 scripsit

62 3451 86 3520 1⁸
110 3481 177 3540 enm
191 3465 479 3548 interrogaretur,
511 3481 567 3526 cur
597 3458 725 3525 nullum
753 3455 948 3542 supplicium
973 3471 1046 3516 con
1186 3533 1187 3540 ἵ
