2404 3928
151 179 216 245 382
454 179 495 234 IN
514 178 543 235 C.
557 178 713 235 VERREM
730 177 808 236 ACT.
827 179 862 234 11.

150 345 309 408 apparare
336 323 528 390 convivium.
568 322 666 389 Multi
691 324 781 389 dorni
804 322 861 391 Cm
881 321 984 389 Calidi
1007 345 1072 389 cum
1091 345 1140 410 po

150 416 271 478 testate
290 417 387 498 atque
404 413 542 497 imperio
561 412 705 496 fuerunt3
728 433 825 478 nemo
842 413 993 477 inventus
1016 417 1061 477 est
1081 415 1141 476 tam

150 523 275 585 amens,
308 503 364 588 qui
389 501 471 565 illud
500 504 671 586 argentum
699 504 768 565 tam
795 502 998 586 praeclarum
1024 523 1058 566 ac
1082 504 1142 564 tam

150 591 261 656 nobile
280 591 432 674 eriperet,
454 611 549 654 nemo
567 593 637 653 tam
660 589 779 674 audax,
802 589 858 674 qui
880 594 1040 674 posceret,
1059 610 1143 653 nemo

97 691 132 740 45
150 683 219 744 tam
238 679 406 764 inpudens,
430 678 485 761 qui
503 678 695 763 postularet,
717 681 755 742 ut
773 680 937 743 venderet.
977 676 1164 762 Superbum⁵

151 772 202 832 est
224 767 323 850 enirn,
349 765 484 849 iudices,
512 770 545 830 et
566 787 634 831 non
653 765 824 830 ferendum
847 767 952 833 dicere
974 771 1146 852 praetorem

150 857 184 920 in
220 855 387 938 provincia
422 853 548 918 homiui
582 854 735 939 honesto,
771 855 941 941 locupleti,
978 855 1145 939 splendido:

150 942 273 1008 ‘Vende
292 943 373 1008 mihi
392 964 470 1026 vasa
493 942 640 1027 caelata’3
662 942 724 1008 hoc
748 947 798 1008 est
821 944 908 1008 enim
931 943 1048 1009 dicere:
1071 941 1146 1007 ‘Non

151 1054 184 1098 es
209 1031 326 1118 dignus
349 1036 399 1116 tu,
423 1031 479 1116 qui
501 1030 637 1114 habeaS,
661 1053 742 1115 quae
766 1035 835 1096 tam
858 1033 941 1096 bene
963 1031 1052 1097 lacta
1074 1034 1146 1113 eunt,

150 1143 241 1186 meae
260 1119 431 1207 dignitatis
453 1120 519 1184 ista
542 1118 638 1184 sunt?
675 1118 724 1185 Tu
748 1119 887 1206 dignior,
908 1119 1039 1205 Verres,
1061 1135 1174 1205 quamll

150 1206 318 1274 Calidius?
355 1209 411 1294 qui
434 1206 487 1294 (ut
512 1229 580 1272 non
607 1206 771 1274 conferam
798 1209 902 1273 vitam
924 1229 1030 1292 neque
1053 1207 1149 1274 existi·

151 1299 328 1364 mationem
341 1301 432 1362 tuam
447 1318 519 1361 cum
533 1296 636 1380 illius,
654 1316 759 1380 neque
776 1297 863 1362 enim
882 1301 932 1361 est
951 1298 1149 1376 conferenda,

149 1387 212 1452 hoc
238 1387 346 1470 ipsum
378 1385 554 1468 conferam,
586 1406 650 1468 quo
681 1388 719 1449 tu
750 1388 783 1448 te
816 1385 1018 1469 superiorem
1047 1381 1149 1471 fingis)

150 1474 236 1558 quod
254 1472 310 1538 Hs
329 1475 394 1538 (TC-c
412 1473 617 1556 divisoribus,
638 1476 676 1537 ut
698 1477 831 1556 praetor
853 1475 1086 1557 renuntiarere,
1107 1473 1148 1536 de

150 1562 237 1645 disti,
259 1563 405 1626 trecenta
428 1561 617 1644 accusatori,
639 1581 679 1625 ne
701 1561 764 1624 tibi
787 1561 919 1626 odiosus
943 1566 1038 1647 esset,
1065 1584 1101 1627 ea
1120 1571 1176 1623 ret

150 1649 330 1716 contemnis
356 1653 539 1733 equestrem
562 1649 707 1714 ordinem
730 1653 763 1713 et
786 1649 948 1734 despicis?
979 1672 1019 1716 ea
1040 1673 1076 1715 re
1097 1648 1148 1714 tibi

149 1739 319 1826 indignum
355 1737 460 1803 visum
493 1741 542 1802 est
574 1737 759 1822 quicquam,
796 1739 882 1821 quod
913 1738 976 1802 tibi
1007 1738 1149 1825 placeret,

98 1876 138 1940 2,
151 1827 312 1894 Calidium
334 1826 444 1912 potius
466 1826 586 1892 habere
610 1848 708 1909 quam
730 1826 787 1890 te?

98 1954 132 2004 46
217 1917 324 1982 Iactat
350 1937 384 1980 se
410 1915 475 1980 iam
499 1914 619 1979 dudum
642 1914 680 1979 de
704 1911 844 1996 Calidio,
871 1919 986 1980 narrat
1009 1915 1148 1981 omnibus

151 2005 267 2069 emisse
291 2025 334 2068 se.
374 2001 462 2068 Num
485 2003 584 2067 etiam
607 2003 646 2066 de
668 2001 704 2066 L.
722 2000 874 2087 Papinio,
899 2003 970 2067 viro
993 2003 1178 2088 primarius

150 2092 306 2176 locupleti
319 2091 520 2174 honestoque
535 2090 642 2171 equite
655 2090 813 2174 Romane,
831 2091 1015 2156 turibulum
1029 2090 1148 2156 emisti?

150 2180 205 2263 qui
236 2200 295 2263 pro
327 2177 515 2242 testimonio
547 2177 629 2241 dixit
659 2181 707 2263 te,
739 2201 811 2244 cum
837 2179 1076 2265 inspiciendum
1100 2200 1148 2265 po-

149 2266 322 2351 poscisses,
348 2266 459 2330 evolso
482 2264 676 2331 emblemate
699 2267 875 2351 remisisse,
898 2271 936 2331 ut
958 2267 1147 2355 intellegatis

149 2356 183 2420 in
201 2353 332 2420 homine
350 2353 610 2440 intellegentiam
633 2375 712 2440 esse,
734 2376 800 2420 non
824 2356 1008 2441 avaritiam,
1030 2354 1148 2422 artificii

150 2444 315 2530 cupidum,
342 2465 408 2508 non
435 2443 562 2528 argenti
588 2443 698 2508 fuisse.
738 2443 807 2509 Nec
835 2445 941 2520 solum
964 2446 999 2509 in
1021 2443 1176 2531 Papinic²⁶

149 2533 212 2598 fuit
230 2534 292 2598 hac
311 2531 522 2615 abstinentia3
545 2532 650 2596 tenuit
667 2532 730 2596 hoc
747 2532 935 2598 institutum
953 2535 988 2598 in
1006 2531 1147 2599 turibulis

151 2622 315 2704 omnibus,
342 2641 561 2705 quaecumque
587 2620 622 2684 in
645 2617 756 2685 Sicilia
779 2619 921 2685 fuerunt.
965 2619 1146 2689 Incredibile

151 2715 202 2775 est
233 2713 355 2792 autem,
388 2730 486 2793 quam
515 2709 620 2773 multa
646 2711 679 2772 et
707 2730 806 2793 quam
832 2710 1002 2794 praeclara
1028 2710 1146 2776 inerint.

152 2796 256 2864 Credo
292 2802 377 2881 tum,
412 2819 485 2862 cum
517 2794 628 2862 Sicilia
662 2796 801 2860 florebat
833 2797 950 2882 opibus
982 2803 1016 2864 et
1048 2797 1145 2884 copiis,

150 2906 271 2974 magna
290 2885 427 2951 artificia
447 2885 548 2950 fuisse
570 2885 605 2948 in
627 2905 665 2949 ea
686 2884 803 2952 insula.
838 2883 926 2950 Nam
949 2887 1064 2953 domus
1085 2886 1174 2951 erat⁵⁰

151 2979 227 3041 ente
244 2976 344 3040 istum
367 2977 551 3059 praetorem
573 2973 664 3037 nulla
685 2973 783 3056 paulo
806 2974 1013 3059 locupletior,
1037 2996 1099 3060 qua
1117 2973 1145 3036 in

151 3062 246 3127 domo
274 3064 353 3128 haec
379 3083 446 3129 non
474 3064 594 3144 essent,
622 3061 749 3126 etiamsi
774 3066 943 3146 praeterea
964 3063 1048 3128 nihil
1070 3063 1145 3128 esset

151 3151 292 3234 argenti,
328 3151 452 3236 patella
484 3149 615 3236 grandis
647 3171 719 3214 curn
752 3150 870 3236 sigillis
904 3171 941 3216 ac
974 3148 1144 3217 simulacris

37 3283 46 3292 .
151 3236 292 3320 deorum,
313 3243 436 3322 patera,
455 3260 519 3321 qua
536 3237 687 3302 mulieres
706 3237 747 3301 ad
765 3260 816 3302 res
835 3238 961 3304 divinas
979 3243 1143 3318 uterentur,

149 3322 338 3387 turibulum.
372 3327 481 3390 Erunt
498 3330 606 3391 eutem
624 3326 704 3390 haec
723 3327 832 3392 omnia
850 3327 984 3411 antiquo
1003 3349 1096 3413 opere
1116 3329 1172 3388 et³⁵

151 3427 276 3470 summo
301 3410 437 3476 artificio
460 3413 561 3496 facta,
583 3417 620 3478 ut
643 3413 704 3478 hoc
727 3414 839 3480 liceret
863 3416 1032 3501 suspicari,
1053 3413 1141 3480 trisse

150 3491 323 3574 aliquando
347 3498 432 3577 apud
453 3495 578 3565 Siculos
601 3523 761 3587 peraeque
783 3522 843 3588 pro
865 3504 1015 3588 portione
1038 3507 1141 3581 cetera,
