2402 3936
58 193 62 200 .
159 138 224 204 326
461 137 500 192 IN
519 137 547 191 C.
561 135 716 192 VERREM
734 137 811 192 AOT.
831 137 863 193 11.

159 303 272 348 eonem
286 285 379 346 tuum
392 284 633 367 recuperatores
648 281 741 346 dabis
756 285 813 346 aut
826 282 921 347 illum
935 283 1034 348 etiam
1046 285 1150 368 ipsum,

160 392 255 456 quem
282 374 320 435 tu
346 371 381 434 in
403 369 536 436 cohorte
558 374 616 434 tua
639 367 830 434 Cassianum
853 369 990 436 iudicem
1013 373 1150 454 habebas,

161 459 190 524 si
203 481 268 544 qua
280 480 332 524 res
347 458 451 523 maior
469 461 564 541 esset,
581 457 748 542 Papirium
762 457 987 542 Potamonem,
1002 460 1150 525 hominen

161 569 308 614 severum
327 569 365 612 ex
383 549 491 611 vetere
509 546 569 610 illa
587 546 729 630 equestri
752 545 947 631 disciplina?
986 543 1150 613 Scandilius

160 636 327 722 postulare
346 635 384 698 de
403 637 565 699 conventu
581 637 833 719 recuperatores.
875 634 960 700 Tum
982 636 1046 702 iste
1067 639 1170 723 negas

161 746 196 789 se
229 724 267 787 de
299 722 537 787 existimatione
570 744 629 786 sua
656 722 806 806 cuiquam
833 723 898 788 nisi
926 724 993 788 suis
1022 726 1151 790 eommu-

162 833 281 876 surum.
320 810 551 896 Negotiatores
571 810 634 875 sibi
654 814 771 895 putant
794 831 865 875 esse
887 816 984 898 turpe
1007 812 1041 877 id
1061 813 1150 878 forum

162 899 224 963 sibi
255 898 401 982 iniquum
434 899 568 982 eierare,
599 899 656 963 ubi
684 899 906 986 negotiantum
937 905 1071 986 praetor
1094 923 1151 986 pro

111 998 160 1050 138
178 987 319 1053 vinciam
350 1009 443 1052 suam
472 986 535 1051 sibi
561 990 667 1052 totam
692 987 839 1072 iniquam
860 988 973 1054 eierat.
1014 990 1151 1074 Oimpu·

163 1076 306 1142 dentiam
325 1075 537 1160 singularem!
577 1073 641 1140 Hic
663 1077 810 1160 postulat
833 1097 868 1141 se
885 1075 1012 1142 Romae
1036 1079 1185 1160 absolvite

162 1274 272 1339 posse,
300 1253 356 1337 qui
382 1253 456 1338 plus
485 1251 648 1316 existimet
674 1252 761 1336 apud
784 1253 980 1318 lectissimos
1005 1259 1153 1320 senatores

186 1341 332 1407 sconiam
351 1363 449 1425 quam
468 1340 553 1424 apud
570 1343 637 1404 tres
655 1340 878 1426 negotiatores
900 1347 1027 1407 metum
1048 1343 1154 1408 valere!

161 1366 343 1494 domninus
357 1449 435 1493 vero
448 1432 549 1514 negat
563 1449 633 1493 sese
647 1428 734 1513 apud
743 1427 988 1496 Artemidorum
1005 1453 1154 1516 recupere-

161 1520 268 1581 torem
297 1517 430 1581 verbum
461 1538 532 1581 esse
558 1516 720 1582 facturum
747 1520 781 1581 et
807 1521 918 1582 tamen
945 1523 1185 1605 cagacanes

164 1608 278 1670 onerat
304 1608 337 1668 te
365 1605 460 1669 bonis
488 1604 744 1688 condicionibus,
772 1605 863 1671 situ
884 1607 933 1671 uti
955 1608 1054 1691 velis3
1080 1609 1103 1672 si
1121 1629 1156 1671 er

121 1768 124 1775 ¹
162 1692 330 1779 provincia
352 1689 463 1757 Sicilia
489 1695 562 1758 tota
585 1697 711 1758 statuas
735 1693 836 1758 alium
858 1693 998 1760 iudicem
1020 1697 1156 1761 idoneum

164 1785 221 1848 aut
239 1784 498 1867 recuperatorem
515 1782 642 1846 nullum
660 1803 757 1866 posse
774 1783 918 1867 reperiri,
940 1785 1088 1868 postulat
1107 1785 1156 1849 abs

112 1880 162 1931 139
180 1874 224 1954 te,
241 1874 279 1936 ut
291 1870 431 1936 Romam
443 1891 513 1934 rem
527 1869 649 1934 reicias.
681 1869 744 1935 Hic
757 1870 844 1934 enim
857 1893 934 1936 vero
952 1875 991 1937 tu
1009 1875 1155 1938 exclamas

163 1959 328 2023 hominem
354 1958 553 2043 improbum,
581 1958 636 2042 qui
663 1959 809 2044 postulet
835 1959 883 2024 ibi
910 1959 948 2024 de
976 1965 1037 2026 tua
1063 1961 1187 2026 existi-a

162 2047 306 2110 mationa
323 2045 475 2110 iudicium
495 2045 575 2128 fieri,
597 2045 655 2110 ubi
676 2050 710 2111 te
732 2047 927 2112 invidiosum
950 2069 1024 2114 esse
1045 2050 1157 2114 intelle

163 2137 234 2218 gat3
256 2153 358 2216 negas
381 2135 414 2196 te
434 2133 572 2196 Romam
594 2131 801 2218 reiecturum,
823 2157 924 2222 negas
947 2136 988 2202 de
1011 2143 1157 2204 conventu

162 2221 404 2304 recuperatores
418 2219 579 2304 daturum,
594 2221 763 2288 cohortem
777 2227 867 2288 tuam
881 2221 1048 2310 proponis.
1075 2225 1156 2292 Soan-

163 2307 259 2372 dilius
285 2328 354 2371 rem
382 2328 416 2372 se
443 2311 549 2372 totam
572 2309 760 2376 relicturum
783 2311 862 2378 dicit
884 2317 917 2377 et
940 2335 1000 2379 suo
1022 2320 1156 2400 tempore

162 2417 232 2460 esse
254 2395 443 2461 reditumm.
483 2395 589 2473 Quid?
612 2402 649 2464 tu
671 2399 719 2463 ibi
740 2403 811 2464 tum
834 2399 911 2486 quid
933 2401 1039 2468 facis?
1074 2402 1183 2469 Scan-²⁵

162 2483 276 2549 dilium
303 2484 393 2570 cogis
421 2521 465 2534 —-
493 2485 591 2570 quid?
619 2487 825 2574 sponsionem
852 2493 1018 2576 acceptam
1040 2490 1155 2557 faeere?

161 2571 358 2659 Inpudenter
375 2574 467 2638 tollis
488 2579 692 2660 expectatum
717 2577 965 2642 existimationis
989 2583 1066 2645 tuae
1088 2578 1156 2644 iudi·

20 2687 23 2696 ,
111 2670 162 2720 140
180 2662 278 2745 oium3
300 2682 367 2725 non
383 2661 473 2727 facis.
515 2662 600 2739 Quid
622 2663 722 2750 ergo?
754 2664 901 2749 Apronio
924 2668 1098 2752 permittis,
1119 2669 1155 2747 at,

162 2771 243 2834 quos
259 2749 349 2833 velit,
367 2750 405 2814 de
424 2751 557 2816 cohorte
576 2755 683 2816 sumat
700 2755 965 2838 recuperatores?
992 2755 1155 2842 Indignum

161 2839 217 2902 uni
235 2839 344 2923 potius
363 2860 401 2903 ex
419 2839 539 2924 iniquis
558 2840 708 2905 sumundi
729 2861 826 2924 quam
844 2843 975 2926 utrique
993 2865 1034 2908 ex
1056 2843 1182 2928 sequias

160 2926 316 2992 reiciundi
333 2927 404 2991 fieri
421 2931 626 3012 potestatem.
656 2927 817 2994 Neutrum
834 2930 914 2995 facis
934 2951 1055 2998 eorum.
1083 2928 1155 3008 Quid

161 3016 261 3098 ergo?
310 3014 413 3080 Estne
445 3015 580 3100 aliquid,
613 3016 699 3100 quod
730 3017 909 3103 improbius
939 3019 1011 3084 fieri
1039 3015 1154 3106 possit?

159 3099 235 3184 Est3
251 3103 340 3188 cogit
354 3104 440 3168 enim
454 3101 652 3169 Scandilium
666 3105 807 3190 quinque
821 3106 879 3171 illa
894 3106 985 3172 milio
999 3126 1155 3173 nummum

160 3187 236 3253 dare
260 3193 357 3273 atque
381 3191 591 3257 adnumerare
611 3191 767 3278 Apronio.

226 3275 310 3350 Quid
328 3279 438 3362 potuit
461 3280 640 3365 elegantius
663 3280 769 3346 facere
791 3287 924 3368 praetor
947 3285 1081 3369 cupidus
1103 3279 1181 3347 eui·⁵⁵

160 3361 357 3427 stimationis
376 3365 489 3448 bonae,
513 3368 568 3450 qui
587 3369 629 3432 ab
648 3391 683 3433 se
704 3381 832 3434 omnem
855 3371 1071 3456 suspicionem
1092 3391 1152 3456 pro

106 3450 146 3514 61
158 3446 298 3532 pulsare,
321 3451 377 3532 qui
395 3473 430 3516 se
449 3453 573 3538 eripere
592 3477 631 3520 cx
649 3455 785 3522 infamia
801 3460 957 3545 cuperet?
997 3461 1151 3525 Adductus
