2392 3944
290 157 357 212 ΜΒ.
376 159 402 213 11
442 159 517 214 oAP.
538 167 771 226 7-9519-25.
972 161 1036 227 207

48 301 188 385 absolvit,
219 302 282 367 sibi
314 304 515 368 condemnat.
565 303 682 370 Maluit
711 305 861 370 videlicet
889 305 1037 372 homines

46 410 163 471 peccare
183 412 279 474 quam
298 391 389 475 deos3
413 413 447 456 se
465 391 574 476 potius
594 416 613 457 a
631 393 744 476 Dione,
769 392 853 477 quod
875 413 942 458 non
964 394 1037 459 lice·
1081 453 1082 458 ,

46 477 105 560 bat,
126 499 221 561 quam
240 477 415 564 Venerem,
440 480 525 563 quod
547 502 614 546 non
636 481 828 565 debebatur,
851 481 986 546 auferre.

100 564 179 646 Quid
196 587 258 652 ego
276 566 330 632 hic
348 589 433 633 nunc
447 567 517 632 Sex.
529 567 664 654 Pompei
683 568 795 636 Chlori
815 569 1037 643 testimonium
1056 583 1089 632 23

26 653 184 718 steritem?
212 655 268 738 qui
292 677 423 721 causam
447 657 515 742 egit
537 656 665 742 Dionis,
689 659 744 742 qui
767 658 917 724 omnibns
940 657 1037 722 rebus

45 741 185 826 interfuit,
204 742 349 808 hominis
367 744 600 829 honestissimi,
621 746 754 811 tametsi
772 747 851 812 civis
869 745 1036 810 Romanus

45 829 159 896 virtutis
183 852 282 897 causa
304 832 371 896 iam
395 832 450 897 diu
473 836 532 916 est,
554 837 665 898 tamen
687 835 833 899 omnium
855 832 1037 900 Siculorum

45 917 124 998 primi
155 939 194 984 ao
225 919 435 1004 nobilissimi,
468 921 545 1005 quid
572 921 675 1006 ipsius
703 921 739 998 Q.
764 921 885 988 Caecili
911 922 1036 1008 Dionis,

44 1003 167 1070 hominis
186 1007 414 1092 probatissimi
432 1031 469 1074 ac
489 1009 738 1094 pudentissimi?
763 1010 839 1094 quid
857 1010 893 1074 L.
907 1009 1037 1094 Caecili,

20 1091 71 1156 oh.
83 1093 220 1180 Liguris,
239 1095 275 1160 T.
288 1095 401 1181 Manli,
419 1096 454 1162 L.
469 1096 604 1163 Caleni?
627 1120 764 1183 quorum
783 1099 928 1164 omnium
945 1098 1036 1162 testi·

44 1183 143 1247 moniis
163 1184 204 1248 de
223 1184 286 1249 hac
303 1183 420 1250 Dionis
442 1187 578 1271 pecunia
601 1187 826 1252 confirmatum
850 1190 908 1251 est.
944 1184 1037 1249 Dixit

44 1268 92 1334 hoc
116 1271 205 1336 idem
227 1271 270 1338 M.
288 1271 456 1356 Lucullus,
485 1295 519 1338 se
547 1274 585 1338 de
609 1273 662 1339 his
685 1274 800 1340 Dionis
823 1273 1036 1340 incommodis

44 1379 89 1440 pro
113 1359 275 1445 hospitio,
303 1361 389 1444 quod
417 1362 480 1426 sibi
508 1383 580 1427 cum
608 1368 770 1446 coesset,
797 1364 862 1429 iam
887 1367 962 1428 anto
985 1383 1035 1427 co-

45 1466 154 1528 gnosse.
197 1447 303 1524 Quid?
329 1449 498 1534 Lucullus,
525 1451 581 1534 qui
602 1454 673 1516 tum
695 1451 730 1516 in
751 1450 942 1518 Macedonia
962 1450 1035 1535 fuit,
1053 1463 1088 1513 24

13 1535 144 1614 ³omelias
166 1536 248 1602 haec
271 1537 434 1624 coguovit,
457 1560 554 1622 quam
576 1543 622 1624 tu,
645 1538 811 1624 Hortensi,
835 1541 890 1624 qni
912 1540 1035 1605 Romam

45 1619 133 1708 luisti,
161 1624 202 1690 ad
231 1647 327 1709 quem
349 1625 413 1690 Dio
442 1625 602 1712 confugit,
631 1629 686 1710 qui
709 1628 747 1692 de
770 1629 884 1694 Dionis
907 1628 1035 1694 iniuriis

46 1713 220 1791 gravissime
248 1734 306 1798 per
334 1714 461 1779 litteras
487 1736 560 1779 eum
579 1714 680 1780 Verre
705 1721 837 1799 questus
862 1718 918 1780 es?
949 1736 1036 1780 nova

46 1797 92 1862 tibi
110 1800 192 1866 haec
216 1805 293 1866 sunt
315 1806 349 1866 et
371 1803 561 1887 inopinata?
584 1823 668 1867 nunc
691 1804 833 1887 primum
855 1803 917 1868 hoc
941 1823 1036 1867 aures

46 1888 103 1952 bae
121 1889 245 1954 crimen
268 1890 451 1974 accipiunt?
473 1889 556 1954 nihil
580 1911 620 1954 ex
637 1889 751 1974 Dione,
773 1891 856 1955 nihil
880 1912 918 1954 ex
942 1911 1036 1954 socru

22 1975 100 2057 uiua,
120 1976 243 2042 femina
263 1978 432 2062 primaria,
455 1977 607 2062 Servilia,
629 1981 738 2043 vetere
755 1977 871 2043 Dionis
894 1977 1036 2062 hospita,

13 2103 14 2108 κ
47 2062 169 2130 auffisfi?
215 2063 333 2130 Nonne
359 2066 464 2131 multa
487 2067 551 2131 mei
573 2070 688 2149 testes,
716 2065 956 2153 quantusue,
982 2085 1036 2130 ne·

47 2151 154 2218 sciunt?
181 2174 291 2218 nonne
318 2157 351 2218 te
374 2154 455 2218 mihi
477 2158 596 2220 testem
618 2155 654 2219 in
675 2155 737 2220 hoc
761 2154 893 2220 crimine
917 2154 1036 2237 eripuit

13 2319 14 2322 Ἴ
46 2258 96 2304 non
127 2241 223 2306 istius
260 2241 457 2326 innocentia,
494 2242 551 2307 sed
586 2242 668 2328 legis
706 2242 873 2329 exceptio?
913 2241 1036 2308 Recita.

47 2323 246 2396 lucernorum
263 2329 426 2412 Luounnr,
450 2327 753 2414 Cnnonr,D101us.
790 2329 918 2396 Satisne
941 2331 1035 2397 vobis
1054 2337 1074 2401 9

23 2423 180 2502 ²taragnarn
204 2417 374 2503 pecuniam
396 2416 554 2483 Venerius
582 2418 694 2503 homo,
727 2420 783 2504 qui
810 2441 827 2484 e
850 2419 1036 2486 Chelidonis

48 2501 103 2569 sinu
130 2507 166 2570 in
198 2505 405 2590 provinciam·
430 2506 595 2591 profectus
624 2511 721 2591 esset,
743 2505 880 2572 Veneris
907 2508 1037 2573 nomine

47 2593 192 2671 quoesisse
215 2593 364 2659 videtur?

96 2682 241 2766 Accipite
269 2682 368 2748 aliam
395 2683 430 2748 iu
453 2682 578 2747 minore
601 2683 737 2768 pecunia
758 2705 826 2750 non
848 2685 955 2750 minus
978 2682 1038 2747 im·
1055 2695 1088 2743 25

47 2768 201 2847 pudentem
220 2771 425 2836 calumniam.
463 2768 619 2856 Sosippus
639 2775 672 2836 et
689 2771 903 2860 Philocrates·
916 2772 1035 2834 fratres

23 2861 106 2921 aaut
128 2858 360 2945 Agyrinenses.
409 2857 537 2925 Horum
568 2862 662 2944 pater
690 2859 808 2925 abhinc
835 2859 898 2923 duo
927 2861 959 2922 et
986 2875 1036 2921 xx

48 2962 129 3010 annos
148 2952 200 3012 est
218 2951 380 3031 mortuus3
403 2947 438 3012 in
456 2948 546 3022 cuius
570 2950 776 3031 testamento,
800 2946 940 3030 quodam
964 2945 1035 3010 loco

48 3031 293 3130 §loommissum
321 3035 398 3121 quid
426 3040 525 3136 esset,
557 3037 660 3101 multa
688 3039 759 3100 erat
781 3033 908 3100 Veneri.
958 3032 1035 3118 Ipso

13 3207 14 3212 ’
47 3126 1036 3296 pppespppoffipfflwtpets1nmteppagvpppieatoppis,setptt,iffi

24 3292 114 3362 llitas
127 3300 168 3364 ab
183 3299 235 3364 his
244 3298 381 3364 Veneris
400 3300 531 3366 nomine
550 3299 656 3384 petita
674 3302 733 3362 est.
766 3297 906 3363 Causam
916 3297 1034 3362 Verres

47 3387 208 3472 agnoscit,
240 3388 411 3473 pecuniam
441 3409 499 3472 per
521 3387 710 3453 Volcatium
738 3386 868 3471 accipit,
899 3384 966 3450 fere
994 3385 1035 3450 ad

47 3465 87 3535 HS
108 3491 192 3542 cccc
215 3476 320 3562 milia,
345 3500 365 3542 a
387 3475 516 3542 duobus
535 3475 703 3541 fratribus.
744 3474 922 3540 Multorum
945 3473 1035 3538 testi-
