2404 3928
283 180 351 238 LIB.
365 181 404 237 IV
436 179 514 238 CAP.
536 187 639 238 18-20
656 188 671 249 ς
690 188 804 237 39-44.
982 183 1045 249 381

37 324 339 500 stiterit
357 327 1047 481 ttrtlttttttttttletti

38 523 147 586 posse,
163 506 279 586 postea
287 437 368 567 verli
376 524 473 587 quam
486 465 716 568 intellexerunt
729 503 787 568 isti
800 503 905 569 virum
918 504 1047 586 fortem,
1057 499 1100 564 20

39 612 133 674 quern
164 612 290 656 summe
316 591 484 674 provincia
511 592 716 677 expectabat,
749 591 785 668 Q.
804 591 950 674 Arrium,
981 613 1047 657 non

17 678 218 762 esuoeedere,
242 682 427 768 statnerunt
444 680 527 745 nihil
547 701 581 746 se
599 684 669 746 tem
687 681 834 746 clausum
851 701 955 764 neque
977 684 1047 744 tam

39 767 242 832 reconditum
268 789 363 851 posse
391 768 524 852 habere,
551 769 637 852 quod
663 789 730 834 non
756 769 850 832 istius
876 767 1048 852 cupiditati

41 855 283 939 apertissimum
304 856 649 940 promptissimumque
673 861 767 922 esset.

101 943 190 1008 'lum
204 944 266 1010 iste
281 944 322 1010 ab
338 944 445 1028 equite
459 945 605 1010 Romano
626 944 793 1029 splendido
812 948 846 1009 et
865 945 1020 1031 gratioso,
1034 939 1098 1010 (20)

42 1029 93 1096 Cn
120 1030 265 1117 Calidio,
301 1032 391 1098 euius
427 1033 532 1098 filium
564 1033 687 1098 sciebat
719 1035 902 1097 senatorem
934 1034 1047 1118 populi

10 1119 180 1220 1⁰Romani
212 1125 261 1222 et.
276 1120 413 1186 iudicem
441 1143 525 1205 esse,
557 1122 684 1186 eculeos
712 1123 884 1206 argenteos
911 1121 1048 1222 nobiles,

42 1208 617 1383 ltinltt¹23d5tldltt
630 1208 1048 1380 rtttttltlsstttlr
1065 1221 1099 1269 ⁴³

44 1405 73 1448 se
91 1389 123 1449 et
146 1386 185 1450 in
206 1385 259 1450 his
283 1386 442 1470 equitabit
465 1386 592 1452 eculeis.
634 1385 729 1470 ‘Emi
750 1385 919 1471 pecuniam
943 1384 1047 1450 solvi'

46 1470 151 1539 Credo.
195 1473 318 1540 ‘Etiam
340 1474 472 1539 tabulae
494 1473 719 1558 proferentur?
759 1473 822 1538 Est
844 1473 942 1558 tanti,
969 1472 1047 1539 cedo

16 1570 35 1610 ¹⁵
45 1561 179 1628 tabulas.
230 1562 328 1627 Dilue
362 1583 439 1628 sene
471 1563 592 1628 crimen
623 1563 686 1629 hoe
716 1560 935 1646 Calidianum,
971 1562 1047 1626 dum

47 1670 99 1734 ego
118 1651 252 1716 tabulas
271 1651 414 1736 aspicere
431 1651 562 1735 possim.
595 1649 846 1716 Verumtamen
869 1651 946 1734 quid
969 1655 1047 1734 erat,

47 1739 124 1820 quod
148 1737 295 1804 Calidius
323 1739 446 1804 Romae
474 1742 661 1823 quereretur
688 1761 737 1821 se,
766 1760 840 1803 cnm
865 1742 917 1802 tot
945 1760 1046 1803 annos

48 1824 76 1888 in
93 1825 205 1893 Sicilia
223 1827 455 1913 negotiaretur,
479 1850 498 1891 a
516 1832 549 1892 te
568 1828 639 1892 solo
657 1827 705 1892 ita
723 1847 794 1891 esse
816 1829 1048 1910 contemptum,

47 1912 88 1977 ita
113 1915 316 2002 despectum,
343 1919 380 1980 ut
408 1916 507 1980 etiam
534 1936 695 1980 unacum
718 1914 833 1980 ceteris
857 1912 973 1978 Siculis
997 1913 1047 1978 de·

20 2003 259 2084 reponeretur?
300 2001 335 2068 si
357 2025 495 2087 emeras,
520 2003 597 2088 quid
620 2007 703 2086 erat,
727 2002 812 2086 quod
834 2001 1048 2067 confirmabat

50 2109 78 2152 se
103 2093 162 2157 abs
190 2096 225 2157 te
253 2096 424 2177 argentum
450 2113 520 2157 esse
542 2091 770 2176 repetiturum,
798 2090 827 2155 si
848 2090 882 2154 id
903 2089 967 2155 tibi
989 2111 1048 2154 sua

49 2179 210 2245 voluntate
228 2180 439 2245 vendiderat?
475 2179 525 2244 Tu
547 2200 644 2265 porro
667 2200 779 2264 posses
801 2178 919 2262 ¹faeere,
941 2182 978 2244 ut
992 2176 1048 2243 Cn.

50 2262 166 2334 Calidio
195 2289 262 2334 non
288 2267 458 2334 redderes?
490 2269 683 2353 praesertim
706 2289 779 2334 oum
800 2268 829 2331 is
852 2266 888 2333 L.
904 2265 1048 2350 Sisenna,

49 2351 209 2422 defensore
247 2361 318 2440 tuo,
359 2360 428 2422 tam
466 2355 672 2422 familiariter
707 2360 866 2438 uteretur,
907 2359 941 2420 et
976 2377 1049 2421 cum

21 2445 156 2510 ²⁵ceteris
175 2444 393 2510 familiaribus
413 2443 566 2510 Sisennae
584 2443 786 2509 reddidisses.
818 2443 965 2526 Denique
983 2465 1049 2508 non
1067 2453 1102 2502 44

50 2531 157 2612 opinor
183 2537 380 2620 negaturum
408 2555 478 2598 esse
505 2537 539 2598 te
565 2532 690 2597 homini
715 2529 868 2614 honesto,
901 2530 957 2594 sed
983 2551 1050 2595 non

51 2621 244 2706 gratiosiori,
280 2643 378 2706 quam
409 2618 466 2686 Cn.
494 2619 637 2686 Calidius
675 2624 737 2704 est,
773 2618 807 2684 L.
836 2616 980 2700 Curidio,
1016 2621 1049 2683 te

51 2714 215 2792 argentum
239 2731 296 2793 per
318 2708 545 2793 Potamonem,
574 2708 712 2774 amicum
735 2712 841 2791 tuum,
864 2705 1048 2772 reddidisse.

52 2791 106 2867 Qui
136 2799 266 2882 quidem
298 2801 478 2863 ceterorum
505 2819 636 2863 causam
662 2797 747 2883 apud
774 2800 808 2860 te
835 2794 1049 2860 difficiliorem

23 2878 127 2948 ³⁰fecit.
172 2885 259 2951 Nam
287 2908 359 2952 eum
386 2889 420 2950 te
446 2886 667 2970 compluribus
694 2885 918 2950 confirmasses
945 2881 1049 2947 reddi·
1118 2933 1123 2938 ,

52 2970 166 3058 lurum,
193 2979 405 3060 posteaquam
429 2973 578 3040 Curidius
606 2994 666 3059 pro
694 2972 881 3063 testimonio
910 2970 991 3034 dixit
1016 2974 1049 3035 te

53 3056 108 3122 sibi
124 3063 310 3146 reddidisse,
329 3063 427 3128 finem
445 3061 597 3128 reddendi
615 3061 731 3144 fecisti,
754 3060 840 3144 quod
857 3058 1049 3124 intellexisti

52 3151 163 3226 praeda
198 3155 232 3215 te
268 3151 308 3216 de
343 3150 493 3216 manibus
530 3151 650 3216 amissa
682 3147 906 3214 testimonium
938 3151 1048 3215 temen

55 3233 184 3322 effugere
206 3261 272 3304 non
294 3260 398 3324 posse.
439 3237 496 3306 Cn.
516 3237 656 3322 Calidio,
682 3235 785 3322 equiti
806 3235 968 3320 Romano,
991 3258 1049 3320 per

25 3318 44 3362 ³⁵
55 3325 149 3390 omnis
182 3328 264 3392 alios
295 3331 463 3412 praetores
494 3327 586 3392 licuit
617 3326 737 3392 habere
768 3327 940 3411 argentum
967 3325 1048 3391 bene

56 3406 180 3500 facturn,
216 3415 308 3481 licuit
343 3437 440 3500 posse
474 3415 658 3481 domesticis
691 3413 805 3498 copiis,
842 3435 915 3479 cum
946 3413 1048 3500 magi·

58 3499 185 3569 stratum
209 3505 428 3588 autaliquem
453 3504 651 3590 superiorem
674 3503 854 3588 invitasset,
878 3523 992 3568 ornare
1016 3503 1049 3564 et
