2422 3952
163 155 207 220 52
331 153 401 208 PRO
421 149 835 208 ssx,1tosclonuultnlo
855 149 999 207 ORATIO.

163 299 227 366 nisi
240 299 346 364 multa
358 300 392 362 et
407 295 581 362 manifesto
598 297 684 379 suut,
701 295 848 381 profecto
866 317 917 360 res
935 299 1005 361 tem
1023 297 1170 376 eoeleste,

112 401 146 449 se
163 391 233 452 tem
255 391 362 468 atrox,
384 389 455 450 tem
476 383 601 449 nefaris
621 383 710 449 erodi
730 405 796 450 nou
818 387 937 469 potest.
976 383 1104 469 Magne
1126 388 1171 448 est

164 476 251 540 enim
276 475 326 540 vis
353 473 580 554 humanitatis3
607 472 747 538 multum
773 472 863 537 ualet
890 472 1078 538 communio
1106 493 1172 538 sen·

164 563 286 651 guinis3
313 561 497 627 reclamitat
522 559 618 626 istius
646 559 734 624 modi
759 560 997 645 suspicionibus
1019 562 1099 646 ipsa
1121 583 1172 625 ne-

45 704 50 710 .
164 656 253 735 ture;
275 652 464 736 portentum
481 652 580 732 utque
596 652 780 714 monstrum
798 647 1014 714 certissimum
1033 653 1090 714 est
1108 667 1194 713 esses

165 741 307 824 aliquem
325 737 467 802 humone
484 737 590 821 speeie
608 741 642 801 et
660 736 775 822 ligure,
799 736 854 820 qui
874 739 1005 801 tantum
1026 737 1174 802 immuni-

164 831 234 892 tate
261 825 384 890 bestiam
410 824 538 909 viserit,
562 829 615 908 ut,
641 828 776 909 propter
804 844 884 908 qnos
912 825 997 889 hane
1023 826 1173 890 suavissi-

165 935 253 980 mam
275 914 381 979 lnuem
402 913 579 997 aspexerit,
605 933 661 978 eos
683 912 909 998 indignissime
931 913 1004 978 luoe
1027 913 1173 997 privarit,

165 1025 239 1069 oum
266 1001 366 1067 etiam
391 999 479 1065 ferus
504 1001 591 1066 inter
615 1021 686 1065 sese
708 1005 824 1085 pertus
847 1003 945 1084 etque
969 999 1124 1066 eduestio
1145 1005 1173 1064 et

165 1096 285 1158 nature
306 1090 380 1175 ipsa
401 1089 560 1154 ooneiliet.
1185 1107 1193 1144 ι

114 1149 157 1276 {43
232 1178 310 1245 Non
326 1179 375 1243 ita
397 1177 510 1244 multis
532 1180 608 1242 ente
631 1177 725 1241 annis
748 1177 840 1242 siunt
856 1176 892 1242 Τ.
906 1174 1057 1242 (laelium
1081 1198 1173 1262 queu-

167 1269 255 1351 dem,
286 1265 563 1342 Terraeinensem,
593 1265 757 1330 hominem
789 1286 856 1330 non
881 1265 1074 1350 obscurum,
1106 1287 1173 1331 oum

166 1359 300 1423 oenetus
317 1354 463 1419 cubitum
484 1354 520 1417 in
541 1353 627 1418 idem
649 1353 800 1418 oonolere
822 1375 895 1418 oum
918 1352 1044 1418 duobus
1071 1354 1173 1419 adulo

167 1444 332 1510 edentibus
357 1441 436 1506 filiis
458 1442 551 1524 isset,
578 1441 747 1506 inventum
769 1461 840 1506 esse
862 1461 957 1506 mene
979 1441 1172 1527 iugulatum.

166 1531 250 1598 eum
276 1549 380 1613 neque
407 1549 518 1593 servus
542 1529 713 1613 quisquam
735 1528 931 1613 reperiretur
953 1549 1061 1612 neque
1086 1530 1193 1612 liber,1

167 1619 209 1684 ed
228 1638 326 1701 quem
348 1637 386 1682 ee
409 1616 549 1700 suspioio
572 1617 758 1701 pertineret,
779 1616 814 1680 id
836 1617 953 1682 mistis
977 1621 1093 1683 eutem
1116 1619 1172 1682 duo

166 1706 227 1771 filii
251 1709 386 1791 propter
407 1705 562 1770 subantes
584 1725 625 1770 ne
649 1705 788 1770 sensisse
811 1705 941 1788 quidem
963 1725 1000 1770 se
1023 1706 1173 1785 diserent,

166 1795 300 1862 nomino
323 1793 466 1860 filiorum
494 1794 533 1858 de
559 1792 731 1878 parricidio
755 1793 864 1859 delete
887 1792 1085 1870 sunt-Quid
1107 1809 1148 1872 ΡΘ

165 1889 236 1949 eret
264 1887 334 1949 tam
345 1904 416 1949 esse
428 1882 664 1967 suspiriosum?
676 1886 869 1946 neutrumne
883 1881 1045 1947 sensisse?
1058 1901 1171 1948 ausum

168 1976 277 2038 autem
304 1992 375 2036 esse
402 1991 598 2054 quemquam
625 1991 659 2034 se
683 1969 718 2034 in
739 1968 774 2034 id
796 1970 947 2035 eonolare
970 1972 1171 2036 summittere

167 2082 206 2125 eo
228 2059 436 2144 potissimum
458 2061 619 2142 temporo,
642 2080 716 2123 eum
736 2057 858 2122 ibidem
881 2061 989 2123 essent
1013 2059 1079 2124 duo
1103 2058 1172 2124 edu·

167 2149 326 2210 leseentes
338 2145 408 2223 filii,
427 2145 484 2229 qui
497 2148 531 2209 et
543 2146 664 2212 sentire
678 2148 711 2210 et
724 2145 893 2210 defendere
904 2145 1002 2211 facile
1017 2146 1171 2232 possent?

167 2233 251 2298 Erat
281 2253 379 2318 porro
409 2253 520 2311 nemo,
536 2232 585 2296 -in
616 2255 712 2318 quem
744 2255 783 2299 ee
812 2234 952 2318 suspicio
980 2235 1171 2301 conveniret.

116 2334 149 2384 eo
168 2321 304 2403 Temen,
336 2342 409 2386 oum
439 2320 573 2404 planum
604 2322 763 2387 iudioibus
795 2326 881 2386 esset
907 2322 1032 2388 foetum
1060 2327 1170 2410 aperto

167 2409 253 2474 ostio
286 2409 482 2474 dormientes
511 2430 567 2474 eos
594 2413 740 2494 repertos
769 2430 852 2493 esse,
882 2410 1002 2476 iuditio
1029 2409 1197 2478 absoluti

168 2497 389 2562 adulescentes
413 2501 447 2562 et
469 2497 651 2582 suspicione
674 2497 763 2564 omni
784 2497 917 2576 liberati
943 2503 1029 2564 sunt.
1069 2499 1170 2566 Nemo

168 2586 254 2651 enim
272 2585 411 2670 putabet
431 2606 626 2670 quemquem
649 2607 728 2670 esse,
750 2587 815 2670 qui,
837 2608 910 2652 eum
933 2588 1043 2653 omnia
1066 2588 1170 2653 divim

168 2679 266 2760 etque
283 2673 426 2738 humane
443 2674 516 2739 iure
534 2675 653 2748 seelere
671 2673 796 2738 nefario
819 2675 1001 2759 polluisset,
1024 2695 1170 2742 somnum

168 2763 281 2829 statim
309 2783 422 2846 oepere
444 2762 619 2846 potuisset,
645 2765 818 2847 propterea
840 2763 939 2846 quod,
966 2763 1023 2846 qui
1045 2768 1170 2829 tentum

167 2851 292 2917 feeinus
320 2849 564 2934 commiserunt,
590 2871 657 2916 non
684 2850 780 2915 modo
808 2850 877 2915 sine
901 2872 979 2916 eure
1002 2853 1170 2935 quiescere,
1194 2872 1196 2891 ·

169 2939 225 3004 sed
247 2961 288 3004 ne
311 2939 437 3024 spirare
459 2937 589 3022 quidem
611 2938 680 3003 sine
704 2943 792 3004 metu
814 2943 961 3023 possunt,

115 2994 159 3120 32}
233 3025 414 3109 Videtisne,
451 3047 533 3110 quos
563 3027 659 3091 nobis
689 3030 805 3112 poetes
836 3027 1039 3093 tradiderunt
1071 3027 1169 3114 patris

167 3113 342 3178 ulciscendi
364 3136 462 3180 eausa
485 3114 679 3199 supplieium
702 3115 740 3180 de
764 3119 868 3180 matre
892 3117 1079 3202 sumpsisse,
1103 3137 1171 3183 eum
1197 3161 1198 3170 κ

167 3201 361 3286 praesertim
381 3201 514 3268 deorum
536 3202 771 3268 immortalium
793 3203 890 3268 iussis
913 3209 1011 3288 atque
1035 3171 1198 3348 ommi

167 3287 202 3352 id
226 3287 341 3388 fecisse
369 3289 530 3373 dieantur,
557 3293 669 3355 tamen
695 3294 732 3355 ut
755 3311 811 3356 eos
835 3292 961 3378 agitent
983 3291 1101 3359 liniae
1122 3311 1169 3358 ne
1197 3349 1198 3426 1

168 3380 900 3546 llilldllzzllllrrlltlldd
910 3401 1023 3552 tell
1042 3382 1168 3535 llll
