2386 3938
138 297 221 366 milri
237 317 318 383 opus
336 299 438 380 esset,
454 298 712 382 cognosceretur,
735 294 813 379 qnid
829 314 892 380 ego
913 295 949 360 in
972 295 1035 363 hac
1057 316 1144 361 acen

139 386 265 453 satione
285 384 502 471 comparanda
524 382 812 468 constituendaque
835 383 1073 468 elaborassem,
1093 405 1142 466 va

139 479 210 542 stra
239 496 316 541 vero
347 474 419 550 laus
450 471 558 545 tenuis
583 471 682 556 plane
708 475 806 564 atque
832 471 985 557 obscura,
1017 471 1145 556 indices,

104 567 235 630 sesset.
276 561 390 648 Neque
407 559 508 636 hoca
530 561 622 636 vobis
645 559 785 645 populus
807 557 974 626 Romanus
998 564 1146 645 expectat
1187 598 1188 630 1

138 673 244 736 neque
261 671 299 716 eo
318 652 428 736 potest
446 669 516 714 esre
534 652 714 732 contentus,
737 649 766 714 si
787 647 1022 714 condemnatus
1045 650 1091 714 sit
1111 649 1167 734 ias

140 741 196 826 qui
224 739 337 804 adesse
357 737 514 821 noluerit,
541 740 575 804 et
598 736 626 802 si
647 737 750 802 fortes
771 735 899 802 fueritis
921 737 957 802 in
980 759 1030 824 eo,
1054 759 1147 824 quem

139 848 235 892 nemo
258 826 303 891 sit
325 847 422 891 ausus
446 823 624 890 defendere.
664 823 769 893 Immo
792 845 868 890 vero
892 823 993 910 adsit,
1019 847 1146 912 respon·

140 917 228 998 dent,
250 914 387 980 summis
410 913 539 998 opibus,
561 935 689 978 summo
712 913 819 980 studio
841 913 1146 997 potentissimorum
1188 974 1189 978 ,

138 1003 309 1070 hominum
323 1001 522 1086 defendatur,
540 1005 643 1067 certet
656 1022 729 1066 mee
741 1000 913 1087 diligentia
926 1023 1002 1068 cum
1015 1003 1147 1069 illorum

141 1092 285 1158 omnium
316 1090 506 1175 cupiditate,
536 1093 646 1155 vestra
675 1089 847 1192 integritas
876 1111 950 1156 eum
977 1091 1071 1158 illins
1098 1096 1179 1177 pen

141 1181 244 1265 onnia,
265 1179 400 1245 testium
418 1177 602 1244 constantia
619 1199 693 1246 eum
710 1177 800 1244 illius
817 1181 1035 1264 patronorum
1052 1180 1147 1254 minis

141 1273 240 1353 atque
251 1268 412 1352 potentia3
426 1270 497 1334 tum
510 1265 638 1332 demum
649 1265 710 1339 illa
723 1266 833 1332 omnia
845 1266 933 1332 vieta
946 1266 1149 1351 videbuntur,
1189 1331 1190 1334 ,

105 1367 214 1424 ccum
241 1353 277 1420 in
307 1355 548 1423 contentionem
580 1358 806 1440 certamenque
837 1355 1000 1438 sanarint3
1033 1356 1149 1421 absens
1190 1415 1191 1426 ,

142 1444 171 1509 si
187 1444 252 1508 iste
270 1447 356 1508 esset
374 1443 555 1524 damnatus,
577 1463 644 1508 non
661 1447 730 1508 tam
748 1443 812 1508 sibi
830 1443 1034 1508 consuluisse
1051 1465 1148 1530 quam

102 1525 294 1596 2invidisse
321 1534 448 1596 sesnes
474 1529 564 1594 laudi
590 1529 762 1599 videretur.
806 1529 920 1615 Neque
948 1533 1036 1598 enim
1060 1533 1181 1598 salusa

142 1617 212 1684 ulla
238 1617 463 1701 reipublicae
490 1618 595 1684 maior
621 1617 684 1684 hoc
706 1622 852 1704 tempore
874 1620 1011 1702 reperiri
1032 1625 1150 1704 potest,
1191 1687 1192 1692 ,

144 1728 242 1792 quam
252 1704 409 1790 populum
420 1704 604 1771 Romanum
621 1704 811 1792 intellegere
830 1707 1005 1793 diligenter
1022 1709 1150 1774 reiectis
1191 1745 1192 1750 κ

144 1796 186 1862 ab
214 1798 400 1861 accusatore
426 1793 586 1860 iudicibus
614 1791 733 1877 socios,
760 1795 862 1880 leges,
889 1797 1151 1879 rempublicam

144 1883 308 1959 senatorio
327 1881 464 1950 consilio
486 1882 627 1950 maxime
648 1903 744 1966 posse
768 1881 907 1968 defendi,
928 1904 1034 1968 neque
1056 1889 1151 1950 tanta

143 1971 285 2040 fortunis
308 1971 452 2038 omnium
474 1969 633 2053 pernicies
653 1973 765 2055 potest
787 1969 940 2055 accidere,
962 1993 1061 2055 quam
1086 1973 1185 2056 opi-s

142 2060 239 2126 nione
265 2059 380 2142 populi
401 2057 541 2128 Romani
566 2058 727 2124 rationem
749 2057 912 2142 veritatis,
939 2059 1152 2145 integritatis,

108 2146 227 2228 ofidei,
249 2144 418 2229 religionis
436 2143 480 2214 at
497 2144 559 2208 hoc
577 2144 689 2210 ordine
710 2146 906 2220 abiudicari..
931 2145 1047 2232 Itaque
1069 2149 1153 2214 mihi

142 2232 268 2314 videor,
290 2230 424 2314 iudices,
447 2251 601 2316 magnam
620 2234 653 2296 et
675 2234 816 2304 maxime
839 2255 972 2320 aegram
995 2240 1029 2301 et
1049 2258 1153 2321 prope

143 2319 325 2405 depositam
342 2317 390 2384 rei
407 2318 559 2402 publicae
575 2323 703 2404 partem
726 2322 906 2406 suscepisse
927 2344 1034 2408 neque
1054 2324 1092 2390 in
1115 2346 1152 2390 eo

143 2407 249 2510 magis
268 2427 359 2562 {aas
382 2428 480 2510 quam
502 2411 630 2563 Ἢτμε
646 2409 743 2562 Ιἒεῖιιᾶί
766 2411 1064 2564 ριέῗὺξωαὲὶοιῖἱῳιο
1076 2433 1186 2566 deff

142 2517 236 2563 sisse.
305 2516 406 2562 ecesse
423 2517 510 2562 emm
588 2519 655 2564 mvi
689 2519 742 2564 am
764 2521 799 2564 nu
832 2521 957 2565 crorum
993 2521 1076 2565 evan

142 2584 479 2670 vituperationemque
505 2585 698 2669 tollendam,
727 2589 777 2672 ut,
804 2609 877 2653 oum
904 2587 985 2654 haec
1012 2609 1064 2654 res
1092 2611 1153 2673 pro

142 2675 311 2742 voluntate
344 2673 458 2758 populi
488 2673 627 2749 Romani
661 2678 747 2740 esset
778 2674 934 2760 iudicate,
970 2677 1082 2760 aliqua
1115 2699 1153 2742 ex

143 2767 237 2847 parte
264 2783 338 2830 mea
364 2760 536 2848 diligentis
559 2762 737 2829 constituta
759 2764 936 2830 auotoritas
959 2764 1152 2830 iudiciorum

142 2851 315 2934 videretur,
336 2849 544 2935 †postremo
561 2855 600 2916 ut
618 2854 703 2916 esset
725 2850 787 2917 hoc
808 2851 996 2937 iudicatum,
1017 2858 1055 2919 nt
1077 2855 1152 2918 finis
1165 2877 1188 2918 a

109 2957 125 3006 s
144 2939 319 3024 aliquando
336 2938 524 3009 iudiciariae
535 2938 779 3007 'controversiae
798 2940 1059 3007 constitueretur.
1096 2942 1154 3006 Et

144 3027 231 3094 enim
255 3028 324 3102 sine
345 3027 457 3112 dnbio,
479 3025 614 3110 indices,
635 3027 671 3092 in
692 3027 754 3093 hac
776 3049 875 3094 causa
897 3050 935 3094 ea
957 3051 1011 3094 res
1032 3030 1070 3096 in
1091 3030 1153 3094 die

145 3114 266 3180 crimen
296 3114 477 3199 adducittu3
508 3131 583 3183 reus
612 3119 663 3183 est
688 3116 774 3182 enim
800 3116 1065 3202 nocentissimum
1098 3119 1153 3202 qni

145 3201 174 3266 si
200 3201 445 3288 condemnatur,
473 3202 621 3273 desinent
647 3203 795 3270 hemines
822 3204 926 3270 dicere
948 3204 1002 3272 his
1026 3205 1152 3272 iudiciis

143 3288 313 3371 pecuniam
335 3291 514 3371 plurimum
536 3311 646 3374 posse3
672 3291 724 3359 sin
746 3291 940 3377 absolvitur,
969 3293 1151 3360 desinemus
1166 3315 1190 3357 a

144 3393 204 3438 nos
227 3374 266 3439 de
288 3375 415 3440 iudiciis
437 3377 673 3446 mansferendis
696 3400 852 3445 recusare.

213 3459 358 3526 Tametsi
372 3461 412 3526 de
426 3464 631 3531 absolutione
645 3466 740 3532 istius
754 3468 942 3552 nequeipes
958 3469 1025 3536 ism
1043 3475 1154 3554 sperat

141 155 204 220 142
435 151 475 208 ns
494 150 523 206 o.
538 149 692 205 manen
710 149 788 204 reo.
806 151 841 206 11.
