2386 3938
275 147 372 204 mal
408 148 775 217 cnP.1c---nosrr—.sa
972 152 1035 218 159

23 295 153 361 tabulas
169 294 369 378 illinc,quae
384 295 478 380 signa
492 295 638 363 sustulit!
654 319 736 381 quae
750 297 888 382 cognovi
906 300 1036 383 egomet

23 383 105 469 apud
128 383 269 448 istum
259 405 295 447 m
317 382 449 448 aedibus
472 405 588 468 nuper,
615 406 689 450 cum
712 384 906 470 obsignandi
928 389 1003 470 grat
1003 385 1036 452 ia

22 473 194 538 venissem
242 469 331 548 Quae
359 471 453 557 signa
478 493 576 556 nunc,
603 472 737 557 Verres,
769 473 825 540 ubi
852 473 950 538 sunt?
977 473 1088 542 illam

23 582 156 644 quaero,
187 581 271 644 quae
299 559 384 644 apud
411 564 445 624 te
470 581 574 645 nuper
597 560 638 626 ad
660 582 771 626 omues
795 561 1015 644 columnas,'
1002 581 1037 626 m

7 649 175 714 comnibus
209 648 310 714 etiam
341 648 651 733 intercolumniis,
641 671 676 714 ιιι
708 649 792 714 silva
815 649 951 733 denique
975 649 1037 713 dis·

23 738 130 822 posita
161 736 225 801 snb
255 735 328 801 divo
354 736 504 802 vidimus.
553 734 618 802 Our
644 759 697 821 ea,
729 760 826 823 quam
854 737 910 802 diu
937 737 1037 802 alium

24 829 211 910 praetorem
239 846 312 898 cum
338 824 379 889 iis
405 824 579 909 iudicibus,
611 847 692 910 quos
720 826 755 892 in
780 827 898 892 borum
929 827 1035 892 locum

25 913 225 979 subsortitus
254 933 356 997 esses,
383 913 422 978 de
449 917 482 978 te
509 913 544 978 in
566 914 738 979 consilium
760 915 882 979 iturum
902 914 1037 1000 putasti,

25 1007 89 1067 lam
104 1001 162 1066 diu
182 1000 272 1067 domi
289 999 432 1084 fuerunt3
451 1005 664 1086 posteaquam
682 1002 803 1068 nostris
817 1003 958 1068 testibus
976 1023 1036 1068 nos

1 1113 121 1175 uquam
149 1089 242 1154 horis
271 1089 364 1170 [tuis]
392 1089 442 1154 uti
468 1090 567 1156 malle
594 1090 720 1173 vidisti,
750 1091 877 1155 nullum
907 1091 1037 1176 signum

26 1179 110 1244 domi
139 1177 306 1262 reliquisti
331 1181 469 1262 praeter.
489 1178 566 1262 duo,
595 1199 678 1263 quae
704 1178 740 1244 in
765 1177 879 1244 mediis
904 1178 1037 1244 aedibus

27 1272 107 1351 sunt,
132 1287 218 1351 quae
240 1265 313 1351 ipsa
335 1263 433 1332 Samo
457 1267 589 1332 sublata
611 1266 708 1332 sunt?
743 1265 822 1332 Non
842 1267 968 1353 putasti
985 1288 1037 1332 me

27 1356 87 1420 tuis
109 1354 380 1420 familiarissimis
404 1355 439 1420 in
461 1354 545 1431 hanc
566 1376 636 1420 rem
658 1355 848 1423 testimonia
872 1355 1038 1420 denuntia·

28 1449 149 1528 turum,
187 1443 245 1528 qui
276 1447 351 1508 tuae
383 1442 471 1509 domi
502 1465 630 1526 semper
660 1443 814 1527 fuissent,
849 1465 888 1510 ex
919 1443 1036 1529 quibus

4 1553 229 1616 aquaererem,
258 1530 352 1618 signa
379 1531 539 1598 scirentne
565 1531 680 1616 fuisse,
708 1543 790 1617 quae
817 1553 884 1598 non
905 1531 1037 1600 essent?

32 1619 106 1696 Quid
133 1623 209 1686 tum
235 1619 297 1684 hos
325 1618 364 1684 de
391 1623 424 1683 te
451 1619 649 1687 iudicaturos
677 1621 855 1686 arbitratus
884 1641 931 1703 es,
963 1643 1035 1686 cum
1055 1655 1089 1703 52

31 1709 172 1774 riderent
199 1707 325 1772 teiam
353 1729 420 1772 non
448 1712 561 1775 contra
591 1712 812 1776 accusatorem
843 1671 949 1791 tuunl,
981 1706 1037 1772 sed

33 1803 139 1862 contra
161 1797 371 1880 quaestorem
394 1799 615 1897 sectoremque
637 1795 806 1881 pugnare?
847 1793 917 1868 Qua
940 1795 979 1858 de
1002 1815 1037 1858 re

33 1883 257 1950 Charidemum
279 1881 396 1949 Chium
418 1884 494 1948 test'
485 1885 643 1958 imonium
660 1883 769 1968 priore
788 1881 914 1948 actione
933 1880 1037 1946 dicere

7 1973 172 2056 caumatis,
191 1989 272 2056 sese,
290 1992 364 2036 eum
382 1975 468 2038 esset
453 1972 684 2038 ttrierarchus
703 1975 736 2036 et
750 1969 885 2036 Verrem
903 1990 943 2032 ex
956 1967 1038 2033 Asia

36 2024 233 2128 decedentem
256 2061 532 2144 prosequeretur
523 2083 613 2143 1ussu
631 2059 832 2162 Dolabellae,
853 2056 955 2122 fuisse
972 2079 1038 2122 una

36 2170 96 2214 cnm
128 2150 174 2214 ist
175 2171 196 2214 o
159 2145 332 2231 tSami,
369 2169 501 2231 seseque
533 2133 604 2213 tum
636 2148 717 2216 scire
754 2146 930 2232 spoliatum
967 2167 1037 2212 esse

36 2237 136 2303 lanum
153 2236 290 2302 Iunonis
314 2239 347 2300 et
369 2235 523 2320 oppidum
543 2233 688 2302 Samum·
681 2239 889 2321 ,posteaque
913 2256 947 2299 se
966 2257 1037 2300 cau·

38 2347 95 2390 sam
118 2325 208 2410 apud
221 2323 425 2390 Chios'crves
445 2345 520 2389 suos
535 2322 653 2389 Samiis
668 2324 893 2390 accusantibus
907 2323 1037 2408 publice

7 2411 152 2498 edixisse,
175 2434 279 2498 eoque
299 2433 333 2477 se
351 2433 422 2477 esse
441 2412 637 2494 absolutum,
655 2412 741 2497 quod
758 2413 893 2497 planum
905 2410 1084 2477 fecisset

40 2521 79 2583 ιι,
104 2523 187 2586 quae
214 2500 318 2586 legati
342 2497 524 2566 Samiorum
548 2500 703 2584 dicerent,
731 2500 772 2565 ιι
794 2498 944 2583 Verrem,
970 2521 1039 2564 non

40 2588 71 2650 ιι
90 2611 122 2654 se
144 2589 319 2674 pertinere.

93 2677 284 2777 Aspendum
306 2680 399 2742 vetus
423 2676 577 2762 oppidum
600 2680 634 2740 ιι
655 2675 797 2742 nobile
787 2699 823 2741 ιιι
840 2674 1037 2761 Pamphylia
1056 2689 1090 2738 53

43 2764 116 2829 scitis
143 2787 229 2850 esse,
259 2764 485 2866 plenissimum
512 2764 680 2850 signorum
707 2765 913 2850 optimorum.
962 2761 1039 2826 Non

1 2847 131 2919 ιιιιιιιιι
156 2854 249 2919 illinc
276 2853 339 2918 hoc
365 2852 495 2938 signum
523 2853 673 2918 ablatum
700 2875 770 2918 esse
798 2857 831 2916 et
853 2849 949 2931 illud,
976 2848 1039 2916 hoc

45 2935 112 3023 dico,
135 2941 267 3008 nullum
294 2944 327 3006 ιι
354 2939 502 3026 Aspendi
529 2940 672 3025 signum,
698 2939 832 3022 Verres,
858 2897 1038 3020 reliqbisse,

45 3029 136 3094 omnia
161 3052 202 3096 ex
224 3028 324 3112 fanis,
354 3050 393 3093 ex
415 3028 495 3094 locis
519 3028 658 3114 publicis
681 3027 792 3112 palam
815 3028 964 3112 spectant
950 3024 1037 3090 tibus

46 3117 176 3214 omnibus
204 3080 363 3203 plaustris
392 3120 503 3182 evecta
535 3119 768 3202 exportataque
801 3134 878 3180 esse.
929 3112 1038 3198 Atque

47 3202 127 3270 etiam
157 3206 253 3271 illum
284 3205 486 3290 Aspendium
519 3203 737 3285 citharistam,
774 3202 813 3268 de
845 3224 909 3286 quo
943 3221 1038 3284 saepe

13 3290 164 3358 sauciatis
186 3293 229 3378 id,
252 3228 355 3378 quodp
361 3296 412 3358 est
435 3291 567 3358 Graecis
590 3290 808 3357 hominibus'
799 3311 835 3354 m
855 3287 1039 3375 proverbio,

49 3393 125 3454 quem
148 3381 256 3447 omnia
277 3383 366 3446 intus
389 3402 504 3446 canere
528 3380 686 3464 dicebant,
711 3383 781 3444 sust
766 3378 844 3444 tulit
863 3377 922 3442 ιι
913 3399 947 3442 m
965 3376 1039 3442 inti-

49 3465 97 3528 mis
121 3470 201 3535 suis
213 3470 345 3536 aedibus
373 3469 497 3554 posuit,
529 3472 566 3534 ut
594 3467 693 3532 etiam
719 3466 850 3532 illum
840 3487 949 3548 ipsum
979 3484 1038 3528 suo
