2470 3936
149 129 216 193 472
451 129 492 184 IN
510 129 538 185 G.
552 127 709 184 VERREM
727 127 807 185 ACT.
825 129 859 184 11.

97 288 149 338 118
167 273 280 339 liberis
299 274 366 338 suis
385 272 492 338 cibum
510 273 729 356 vestitumque
747 272 841 338 ferre.
876 271 993 337 Patres
1010 271 1053 355 hi,
1071 285 1141 356 quos

148 361 280 447 videtis,
310 361 462 427 iacebant
491 361 527 425 in
552 361 677 444 limine,
710 364 895 444 matresque
922 360 1057 425 miserae
1083 381 1142 444 pcr-

147 450 327 515 noctabant
358 449 400 514 ad
427 449 547 515 ostium
574 449 711 514 carceris
740 449 781 513 ab
809 452 955 513 extremo
983 451 1143 532 conspectu

149 539 289 603 liberum
316 538 478 621 exclusae,
510 558 590 620 quae
617 536 701 600 nihil
729 535 818 600 aliud
844 536 998 620 orabant,
1028 536 1088 600 nisi
1109 539 1143 598 ut

148 627 292 691 filiorum
320 647 451 690 suorum
473 628 675 709 postremum
698 624 850 708 spiritum
873 645 929 690 ore
952 623 1090 708 excipere
1109 623 1167 686 li·⁵

150 718 246 780 caret.
277 712 401 778 Aderat
413 713 535 777 ianitor
552 712 699 795 carceris,
718 710 861 777 carnifex
878 711 1050 796 praetoris,
1068 732 1143 776 nors

149 806 319 885 terrorque
359 801 520 866 sociorum
559 805 592 865 et
630 799 749 866 civium
784 799 1021 884 Romanorum,
1061 799 1144 864 ictor

150 888 292 973 Sextius,
319 888 371 954 cui
398 910 437 952 ex
466 888 555 953 omni
578 888 702 974 gemitu
726 888 900 972 doloreque
924 891 1014 952 certa
1036 907 1142 952 meroes

149 977 397 1063 conparabatur.
447 975 510 1041 ‘Ut
540 976 649 1062 adeas,
680 979 810 1040 tantum
842 975 949 1060 dabis,
980 979 1019 1040 ut
1051 975 1143 1041 cibum

149 1065 212 1130 tibi
239 1065 485 1148 [vestitumqu]
508 1063 703 1129 introferre
726 1064 835 1146 liceat,
859 1062 1013 1128 tantum?
1049 1061 1143 1128 Nemo
1155 1077 1180 1118 1⁰

111 1228 115 1233 ,
150 1154 331 1219 recusabat.
367 1151 485 1229 ‘auide
508 1156 545 1218 ut
558 1173 623 1218 uno
636 1153 704 1217 ictu
718 1151 839 1218 securis
854 1149 1002 1216 adferam
1020 1155 1144 1216 nortem

149 1241 219 1306 filio
250 1245 323 1326 tuo,
355 1239 433 1326 quid
459 1239 574 1304 dabis?
605 1261 647 1305 ne
673 1240 728 1304 diu
756 1239 929 1323 crucietur,
960 1261 1003 1305 ne
1028 1238 1145 1323 saepius

149 1328 301 1413 feriatim,
327 1350 369 1394 ne
396 1350 469 1393 cum
498 1324 594 1394 sensu
621 1328 743 1393 doloris
771 1327 880 1411 aliquo
909 1327 1044 1412 spiritus
1068 1325 1145 1392 aufe

149 1416 276 1482 raturl’
316 1415 428 1481 Etiam
456 1416 498 1481 ob
526 1416 610 1481 hanc
632 1437 763 1481 causam
785 1415 923 1501 pecunia
946 1413 1077 1496 [lictori]
1099 1413 1145 1478 da

97 1519 149 1568 119
167 1504 273 1568 batur.
318 1503 346 1568 0
373 1523 529 1587 magnum
556 1507 655 1587 atque
680 1503 920 1569 intolerandum
947 1503 1100 1568 dolorem!
1128 1516 1180 1567 0¹⁵

150 1611 284 1678 gravem
312 1591 525 1674 acerbamque
550 1589 730 1657 fortunam!
775 1590 851 1656 Non
877 1590 985 1656 vitam
1008 1591 1146 1673 liberum,

150 1679 207 1745 sed
225 1679 341 1744 mortis
359 1679 561 1745 celeritatem
577 1680 684 1764 pretio
702 1679 859 1744 redimere
877 1680 1077 1766 cogebantur
1096 1699 1146 1764 pa

151 1771 267 1833 rentes.
304 1767 414 1852 Atque
432 1767 497 1853 ipsi
514 1767 613 1833 etiam
632 1767 854 1833 adulescentes
873 1789 946 1832 eum
964 1765 1074 1832 Sextio
1095 1786 1146 1830 suo

151 1856 190 1921 de
203 1857 305 1942 plaga
322 1860 356 1920 et
375 1856 413 1920 de
423 1855 495 1921 'uno
513 1855 573 1920 illo
589 1855 658 1920 ictu
675 1855 900 1940 loquebantur,
917 1856 1015 1939 idque
1032 1858 1148 1938 postte

150 1964 240 2008 mum
271 1943 418 2029 parentis
451 1965 526 2009 euos
556 1943 652 2008 liberi
679 1945 831 2026 orabant,
862 1947 900 2008 ut
929 1943 1058 2008 levandi
1084 1957 1182 2008 cru-¹⁰

151 2031 256 2096 clatus
288 2031 339 2097 sui
371 2053 468 2097 causa
499 2031 608 2096 lictori
638 2031 774 2116 pecunia
805 2031 944 2096 daretur.
993 2031 1092 2095 Multi
1120 2033 1150 2094 et

151 2139 268 2202 graves
282 2118 410 2183 dolores
426 2120 551 2184 inventi
568 2121 758 2204 parentibus
777 2123 810 2184 et
827 2119 1029 2204 propinquis,
1047 2118 1149 2200 multi;

149 2208 399 2270 verumtamen
426 2227 515 2270 mors
542 2207 586 2270 sit
608 2211 796 2272 extremum.
840 2205 916 2272 Non
938 2207 1010 2271 erit.
1055 2205 1148 2272 Estne

151 2291 282 2376 aliquid,
300 2292 466 2376 ultraque
481 2294 655 2358 crudelitas
673 2295 826 2381 progredi
842 2295 969 2379 possit?
1006 2293 1149 2378 Reperie

149 2384 218 2464 tur,
244 2402 322 2446 nam
347 2380 493 2465 illorum
521 2405 593 2447 cum
620 2386 715 2447 erunt
741 2382 846 2447 securi
872 2381 1019 2468 percussi
1042 2404 1079 2448 ae
1099 2394 1181 2446 net

150 2469 229 2552 cati,
256 2489 394 2554 corpora
417 2468 496 2534 feris
519 2470 708 2536 obiciantur.
752 2469 824 2535 Hoc
847 2471 875 2534 si
897 2471 1084 2534 luctuosum
1105 2472 1150 2534 est

149 2556 353 2641 parentibus,
393 2555 555 2622 redimant
593 2557 699 2642 pretio
738 2557 912 2643 sepeliendi
947 2561 1149 2641 potestatam.

98 2657 150 2708 120
163 2644 308 2710 Onasum
321 2643 544 2728 Segestanum,
556 2645 722 2711 hominem
733 2646 887 2729 nobilem,
900 2645 1006 2710 dicere
1019 2643 1149 2710 audistis

151 2753 186 2798 se
208 2733 250 2798 ob
275 2732 475 2816 sepulturam
495 2731 641 2798 Heraclii
661 2733 817 2798 nauarchi
839 2731 1009 2819 pecuniam
1033 2733 1149 2797 limar-

149 2821 236 2886 chidi
249 2841 444 2886 numerasse.
476 2819 526 2885 Ne
545 2819 607 2886 hoc
624 2821 730 2905 possis
749 2821 866 2886 dicere:
886 2819 1039 2886 ‘Patres
1058 2821 1148 2886 enim
1160 2835 1182 2875 ³⁰

148 2908 310 2974 veniunt
332 2908 486 2973 amissis
508 2907 611 2973 filiis
633 2907 753 2993 irati',
776 2908 827 2974 vir
849 2909 1035 2994 primarius,
1057 2909 1148 2974 home

147 2995 381 3078 nobilissimus,
403 2995 491 3081 dicit,
511 3015 616 3080 neque
635 2996 673 3060 de
691 2997 760 3061 filio
781 2996 867 3062 dicit.
903 2995 974 3062 Iam
996 2997 1060 3062 hoc
1083 2995 1148 3082 quis

148 3085 218 3147 tum
241 3083 305 3148 fuit
327 3081 495 3167 Syracusis
519 3083 597 3168 quin
620 3084 769 3168 audierit,
797 3084 876 3168 quin
899 3085 994 3168 sciat,
1020 3085 1082 3150 has
1103 3083 1149 3147 'li-

147 3170 307 3235 marchidi
336 3171 504 3254 pactiones
536 3172 721 3256 sepulturae
748 3193 821 3238 cum
847 3171 931 3237 viris
960 3172 1062 3237 etiam
1087 3171 1146 3236 illis

148 3277 219 3320 esse
232 3257 359 3322 factas?
394 3258 471 3324 Non
488 3258 599 3344 palam
618 3281 691 3325 eum
705 3259 909 3324 Timarchide
928 3259 1176 3344 loquebantur

145 3363 213 3406 non
227 3362 338 3405 omnes
353 3346 496 3408 omnium
509 3347 683 3431 propinqui
697 3347 944 3432 adhibebantur,
962 3368 1029 3413 non
1044 3349 1147 3433 palam

145 3428 295 3491 vivorum
317 3426 432 3494 funera
454 3431 670 3498 locabantur?
