2386 3938
348 185 426 244 CAP.
446 192 516 242 aar
534 191 549 251 5
567 191 662 242 o-ra.
942 187 1005 252 125

31 350 125 412 quaec
141 328 315 414 despiceret
333 331 616 414 contemneretque
635 329 781 420 ordinem
799 332 1006 415 senatorium,

30 421 56 482 rt
74 417 220 484 arbitratu
240 419 308 482 eius
327 417 524 502 deligeretur
542 439 581 482 ex
599 421 723 501 senatu,
741 418 797 501 qui
814 439 888 484 reus
905 419 1007 502 lieret,

31 505 81 587 qri,
102 505 171 570 dum
193 506 259 590 hic,
282 527 365 590 quae
387 527 469 591 opus
492 509 613 590 essent,
636 510 854 592 compararat,
875 528 1007 574 causam

30 591 125 658 interea
146 598 220 658 ante
243 615 317 660 eum
340 594 469 660 diceret.

19 705 21 742 i
76 678 187 756 Quibus
210 702 272 767 ego
295 681 392 748 rebus
416 681 578 765 quidiste
601 686 710 767 speret
728 687 762 748 et
780 703 844 768 quc
863 682 1007 748 animum
1027 699 1059 747 10

30 769 160 852 intendat,
181 770 278 836 facile
300 770 475 856 perspicio,
498 791 595 855 quam
618 771 660 836 cb
683 791 753 836 rem
775 792 853 836 vero
877 792 912 836 se
935 792 1008 837 con·

30 857 87 920 fidat
105 858 222 941 aliquid
244 859 401 943 proficere
423 879 520 942 posse
541 859 604 924 hcc
625 863 776 942 praetore
798 862 832 924 et
855 859 917 926 hoc
935 880 1008 925 con·

31 944 93 1027 silio,
117 946 307 1032 intellegere
333 967 398 1012 non
425 968 572 1030 possum3
604 967 703 1014 unum
733 947 815 1012 illud
842 947 1008 1033 intellego,

31 1033 93 1114 quod
110 1035 248 1119 populus
271 1034 439 1100 Romanus
461 1035 497 1099 in
524 1035 696 1100 reiectione
723 1034 864 1100 iudicum
890 1035 1009 1100 iudica·

19 1121 68 1200 uit,
83 1142 115 1186 ea
130 1143 185 1206 ape
203 1123 308 1188 istum
324 1122 426 1190 fuisse
443 1122 636 1206 praeditum,
654 1127 692 1188 ut
705 1143 834 1189 omnem
848 1123 1008 1188 rationem

31 1208 117 1274 salutis
140 1210 174 1276 in
200 1211 340 1296 pecunia
365 1211 592 1294 constitueret,
618 1210 681 1278 boc
707 1215 819 1296 erepto
846 1210 1007 1295 praesidio

31 1299 55 1358 rt
70 1298 180 1364 nnllam
203 1299 271 1364 sibi
293 1320 361 1364 rem
385 1298 571 1364 adiumento
594 1297 664 1364 fore
687 1297 910 1364 arbitraretur.

75 1383 193 1452 Etenim
226 1386 316 1470 quod
346 1391 397 1452 est
428 1387 594 1472 ingenium
625 1390 770 1468 tantum,
802 1407 884 1471 quae
914 1391 1048 1459 tanta4

32 1469 137 1540 facultas
158 1474 288 1541 dicendi
310 1478 343 1540 et
365 1475 472 1560 copia,
495 1495 577 1559 quae
600 1474 696 1540 istius
718 1475 822 1542 vitam
844 1479 896 1544 tot
917 1475 1008 1542 vitiis

19 1557 195 1647 ilagitiisque
217 1562 412 1646 convictam,
436 1563 503 1628 iam
524 1562 650 1647 pridem
673 1562 817 1629 omnium
839 1564 1008 1630 voluntate

35 1645 177 1735 iudicioque
201 1651 393 1718 damnatam
411 1651 521 1734 aliqua
539 1672 578 1716 ex
591 1655 684 1735 parte
698 1651 804 1735 possit
816 1651 1008 1717 defendere?

35 1735 96 1800 edua
118 1742 152 1802 ut
178 1739 418 1806 adulescentiae
448 1739 592 1804 maculas
624 1739 884 1824 ignominiasque
915 1760 1009 1825 prae-
1029 1755 1061 1801 11

35 1825 132 1911 bean,
154 1830 330 1912 quaestura
348 1827 485 1912 [primus
508 1827 628 1912 gradus
650 1825 796 1906 honoris]
821 1825 899 1909 quid
921 1825 1010 1890 aliud

35 1907 105 1978 babet
133 1915 168 1980 in
199 1937 236 1980 se
268 1914 332 1980 nisi
365 1911 421 1980 On.
450 1913 631 1982 Carbonem
662 1913 840 1999 spoliatum
868 1934 888 1977 a
915 1934 1009 1996 quae

20 2001 96 2064 actore
114 2024 169 2068 suo
190 2002 331 2088 pecunia
352 2002 491 2087 publica,
512 2002 671 2068 nudatum
693 2005 727 2067 et
749 2000 915 2086 proditum
937 2023 1010 2066 con-

37 2087 116 2172 sulam,
131 2091 296 2156 desertum
314 2091 498 2174 exercitum,
517 2091 664 2156 relictam
683 2089 893 2175 provinciam,
911 2090 1010 2156 sortis

36 2179 270 2247 nuessitudinem
292 2179 545 2265 religionemque
568 2179 747 2244 violatam?
772 2178 863 2244 cuius
886 2179 1009 2264 legatio

36 2262 136 2332 exitium
159 2267 224 2334 fuit
252 2266 351 2332 Asiae
378 2268 480 2334 totius
508 2271 541 2333 et
568 2267 794 2352 Pamphyliae,
825 2266 942 2352 quibus
976 2289 1012 2344 m

37 2353 174 2430 provinciis
197 2355 322 2422 multas
345 2355 468 2438 domos,
489 2355 647 2440 plurimas
670 2355 781 2437 urbes,
803 2355 913 2420 omnia
934 2355 1011 2421 faria

21 2435 208 2520 rdepecnlatus
237 2447 302 2526 est,
328 2447 399 2508 tum
425 2465 498 2510 cum
522 2444 571 2524 [in
593 2441 650 2509 On
672 2442 892 2524 Dolabellam]
917 2465 1012 2509 suum

39 2527 112 2594 selus
131 2531 213 2597 illud
236 2531 411 2616 pristinum
437 2531 607 2597 renovavit
634 2534 667 2596 et
694 2531 890 2598 instauravit
917 2553 1011 2616 quae-

40 2615 153 2703 storium,
179 2641 254 2684 cum
282 2641 369 2701 eum,
395 2620 447 2684 cui
474 2623 509 2684 et
534 2619 663 2704 legatus
691 2623 725 2684 et
751 2640 811 2703 pro
840 2624 1011 2703 quaestore

39 2696 134 2794 luisset,
162 2711 196 2772 et
223 2708 259 2772 in
285 2707 441 2773 invidiam
467 2707 534 2772 auis
563 2706 729 2772 maleficiis
758 2707 890 2772 adduxit
918 2710 951 2770 et
978 2706 1014 2770 in

40 2789 93 2884 lpsis
111 2795 259 2878 periculis
277 2817 343 2861 non
361 2796 468 2860 solum
486 2795 636 2877 deseruit,
654 2794 712 2860 sed
730 2795 829 2860 etiam
848 2813 1013 2878 oppugna·

22 2879 71 2936 rut
91 2901 121 2946 ac
140 2881 297 2967 prodidit3
323 2883 412 2949 cuius
435 2887 589 2968 praetura
612 2884 737 2948 urbana
759 2882 886 2948 aedium
909 2893 1065 2946 sacra-12

42 2981 89 3056 ¹run
105 2968 162 3034 fuit
183 2971 450 3057 publicorumque
473 2993 608 3058 operum
630 2969 841 3056 depeculatio,
864 2968 962 3033 simul
979 2969 1015 3033 in

43 3067 86 3143 {use
97 3055 224 3124 boando
238 3059 398 3124 bonorum
415 3060 720 3143 possessionumque
738 3061 853 3123 contra
870 3056 1015 3122 omnium

44 3141 157 3234 ustituta
183 3146 323 3212 addictio
350 3151 384 3214 et
410 3148 614 3214 condonatio.
662 3146 734 3212 Iam
760 3166 837 3210 vero
869 3146 1015 3210 omnium

44 3228 161 3298 ullorum
184 3257 314 3300 suorum
336 3235 477 3320 plurima
498 3240 533 3301 et
554 3235 696 3300 maxima
717 3233 888 3300 const'tuit
915 3234 1015 3300 moni-

25 3321 122 3384 sutria
141 3326 173 3388 ct
195 3323 312 3390 indicia
342 3323 377 3388 in
404 3324 571 3408 provincia
593 3322 716 3408 Sicilia,
744 3345 842 3407 quam
868 3322 931 3388 iste
957 3343 1016 3407 per

47 3401 182 3474 triennium
209 3411 256 3476 ita
282 3413 412 3477 vexavit
439 3434 476 3478 ac
510 3411 664 3496 perdidit,
693 3415 730 3478 ut
753 3433 792 3476 ea
822 3411 952 3476 restitui
982 3411 1016 3474 in

47 3491 178 3576 tlltiquum
205 3503 326 3564 statum
352 3499 568 3592 nullomodo
598 3500 718 3584 possit,
744 3499 799 3565 vix
827 3502 1016 3580 autemiper
