2386 3938
295 205 396 263 mnu
433 207 508 262 oAP.
528 215 596 266 e-s
616 215 631 276 c
651 215 762 286 rs-rr.
975 213 1038 276 147

52 349 235 415 accusatione
263 372 374 416 eorunr
401 352 561 417 industris
583 375 622 419 ac
644 352 814 442 diligentia
835 357 1036 440 probaretur.

51 435 92 500 lte
114 436 205 503 reieci
231 437 366 523 iudices,
393 445 431 505 ut
456 441 519 506 hoc
540 446 680 527 constet,
700 446 783 526 post
804 444 890 510 hunc
912 448 1036 513 statum
1055 457 1089 506 18

50 525 87 587 rei
112 526 272 611 publicae,
286 577 289 582 .
305 547 368 612 quo
398 551 484 594 nunc
510 529 646 614 utimur,
678 530 779 596 simili
805 533 975 615 splendore
1003 539 1036 600 ct

51 612 189 699 dignitate
207 613 381 681 consiliur'n
398 617 525 682 nullum
547 617 657 684 fuisse.
693 618 798 695 Quom
820 621 884 686 iste
906 621 1036 687 leudem

32 713 233 770 ⁵communem
257 704 321 769 sibi
343 705 391 770 eit
413 727 483 772 esse
506 727 645 791 mecum3
668 708 724 791 qui
746 730 820 774 cum
842 708 878 774 P.
896 708 1035 776 Gelbem

49 789 164 856 iudicem
181 792 358 878 reiecisset,
379 793 422 858 M.
439 792 627 861 Lucretium
648 793 784 860 retinuit
806 801 848 881 et,
870 820 943 864 cum
966 798 1035 864 eius

49 884 183 960 patronus
211 900 252 946 ex
280 902 318 946 eo
350 887 532 966 quaereret,
564 904 621 948 cur
648 904 723 949 suos
751 884 1035 974 familiarissimos,

50 963 102 1031 Sex.
113 967 324 1054 Peducaeum,
347 969 383 1046 Q.
397 968 595 1056 Considium,
618 970 654 1047 Q.
667 970 797 1038 Iunium
819 974 897 1040 reici
918 997 1035 1059 pessus

49 1061 127 1141 esset,
152 1058 336 1143 respondit,
367 1060 453 1144 quod
480 1079 535 1125 eos
562 1059 597 1125 in
622 1058 792 1126 iudicando
819 1061 957 1127 nimium
985 1063 1035 1129 sui

24 1151 40 1192 ¹⁰
48 1142 109 1208 iuris
122 1144 366 1231 sententiaeque
382 1151 563 1234 cognosset.
595 1144 710 1234 Itaque
728 1148 887 1215 iudicibus
906 1150 1034 1216 reiectis
1054 1163 1087 1213 19

49 1234 198 1314 sperabam
211 1235 281 1302 iam
296 1255 377 1301 onus
390 1257 499 1301 mcum
513 1236 680 1302 vobiscum
694 1258 764 1302 esse
777 1259 961 1322 communc3
975 1261 1034 1321 pu-

49 1320 138 1387 tabam
162 1342 232 1389 non
259 1321 364 1389 solum
384 1324 486 1406 notis,
514 1325 570 1390 sed
593 1325 692 1390 etiem
714 1325 837 1412 ignotis
860 1323 1034 1411 probatem

49 1430 133 1476 neem
159 1411 262 1476 fidem
289 1433 359 1477 esse
386 1417 420 1480 et
446 1410 658 1499 diligentiam.
702 1411 796 1490 Quod
823 1435 875 1479 me
902 1436 969 1481 non
989 1414 1034 1481 fe

49 1495 126 1582 sellit3
146 1521 225 1566 nem
248 1498 388 1566 comitiis
411 1501 507 1584 meis,
529 1521 602 1566 cum
624 1502 687 1566 iste
709 1501 838 1568 infinite
859 1502 1034 1589 largitione

25 1591 139 1652 ¹⁵contre
155 1609 208 1654 me
232 1590 389 1673 uteretur,
410 1589 550 1678 populus
573 1588 739 1656 Romanus
761 1590 916 1657 iudicavit
936 1592 1034 1657 istius

50 1676 207 1761 peonnam,
240 1677 324 1760 quse
355 1677 445 1762 upud·
472 1699 524 1742 me
552 1682 665 1744 contre
691 1678 789 1744 fidem
816 1701 923 1744 meam
949 1679 1033 1744 nihil

49 1763 502 1937 ltllczttttnntt
521 1765 679 1937 {tls
701 1767 1034 1920 diffluit

141 1903 148 1920 ·
673 1903 684 1937 r
839 1904 849 1937 r

49 1935 113 2006 hunc
135 1963 228 2007 reum
257 1940 462 2027 consedistis,
490 1941 561 2027 quis
585 1945 657 2008 tom
677 1940 807 2026 iniquus
830 1941 906 2006 huie
928 1941 1034 2014 ordini

26 2023 102 2110 snit,
121 2030 191 2114 quis
210 2033 284 2094 tam
300 2051 460 2096 noverum
476 2051 594 2114 rerum,
616 2028 808 2118 iudiciorum
829 2029 1033 2114 iudicumque

51 2113 170 2202 cupidus,
198 2117 257 2202 qui
279 2139 347 2182 non
369 2122 502 2202 aspectu
524 2139 740 2204 consessuque
762 2122 871 2184 vestro
893 2139 1033 2184 eommo-

50 2207 175 2272 ueretur?
208 2203 293 2271 (lum
305 2204 342 2271 in
355 2227 393 2272 eo
410 2210 521 2272 uestro
539 2205 681 2292 dignitas
699 2205 781 2272 mihi
798 2206 942 2273 fructum
959 2207 1032 2272 dili·
1050 2225 1086 2276 20

50 2292 155 2372 gentiee
176 2293 328 2378 referret,
350 2292 386 2359 id
408 2315 481 2359 sum
503 2299 683 2378 essecutus,
705 2299 743 2360 ut
764 2316 830 2360 unu
851 2294 946 2382 hore,
969 2319 1033 2381 que

50 2381 119 2463 coepi
139 2381 258 2465 dicere,
285 2404 341 2448 reo
364 2382 491 2466 sudaei,
516 2382 705 2468 pecunioso,
730 2382 878 2467 profuso,
904 2385 1032 2470 perdito

26 2469 118 2548 *spen
141 2469 254 2537 iudicii
281 2470 506 2555 corrumpendi
532 2471 762 2560 praeciderem,
788 2475 826 2560 nt
852 2472 958 2558 primo
981 2473 1032 2538 die

50 2555 157 2623 testium
184 2561 281 2624 tento
308 2580 442 2624 numero
470 2559 570 2624 citato
597 2559 737 2643 populus
759 2559 925 2626 Romanus
950 2560 1033 2648 iudi-

50 2649 116 2708 caret
131 2645 196 2712 isto
216 2641 368 2713 absoluto
390 2667 460 2711 rem
482 2646 647 2731 publicem
669 2651 757 2712 stare
779 2669 845 2714 non
866 2669 972 2733 posse,
994 2653 1032 2713 ut
1081 2715 1083 2720 ,

51 2727 113 2796 alter
141 2735 210 2800 dies
243 2735 356 2800 unricis
387 2735 482 2800 istius
514 2757 552 2800 ec
585 2734 807 2801 defensoribus
838 2756 905 2800 non
936 2735 1031 2800 modo

50 2835 118 2898 spem
154 2823 324 2905 uictoriae,
365 2821 421 2889 sed
457 2819 570 2888 etiarn
596 2821 799 2889 voluntatem
836 2823 1032 2888 defensionis

27 2905 180 2995 lauferret,
202 2916 241 2976 ut
258 2910 374 2977 tertius
395 2909 462 2976 dies
486 2909 533 2976 sic
554 2909 719 2977 hominem
742 2913 973 2996 prosterneret,
994 2915 1033 2976 ut

50 2996 141 3062 norbo
163 2999 333 3083 simulato,
358 3020 425 3066 non
448 2999 525 3084 quid
546 3000 768 3084 responderet,
793 2997 850 3064 sed
873 3019 969 3082 quem
991 2999 1033 3064 ed

50 3083 157 3150 nodum
183 3108 251 3154 non
274 3087 498 3171 responderet,
525 3086 732 3169 deliberaret3
760 3085 874 3150 deinde
896 3087 1031 3172 reliquis

51 3165 139 3238 diebus
156 3169 218 3240 his¹
233 3174 430 3259 criminibus,
452 3173 505 3240 his
527 3174 667 3240 testibus
690 3177 725 3238 et
746 3172 879 3239 urbanis
902 3180 935 3240 et
957 3196 1032 3259 pro-

50 3254 217 3328 vincialibus
249 3263 296 3329 sic
328 3263 464 3329 obrutus
494 3267 593 3348 etque
619 3282 794 3347 oppressus
822 3265 883 3348 est,
915 3262 1031 3329 uthis

28 3338 176 3416 lludorum
202 3351 314 3418 diebus
340 3345 544 3435 interpositis
571 3372 667 3416 nemo
689 3349 789 3416 istum
812 3351 1031 3434 comperendi-

12 3450 13 3506 ἔ
50 3435 155 3522 mlum,
177 3440 233 3505 sed
254 3439 505 3506 condemnatum
527 3439 693 3504 iudicaret.
961 3437 964 3442 ’
1008 3524 1015 3538 ⁸
1050 3493 1069 3554 8

100 3521 296 3614 Quapropter
314 3549 385 3614 ego,
411 3527 497 3613 quod
516 3527 556 3592 ed
579 3547 630 3592 me
653 3526 781 3610 attinet,
803 3525 933 3609 iudices,
954 3525 1031 3606 uic13
1049 3566 1083 3614 ,1

766 3627 820 3680 ιο*
