2404 3928
271 152 339 209 LIB.
358 153 398 207 III
425 152 500 209 CAP.
516 158 621 209 'll-80
639 160 655 221 ἕ
676 159 825 211 180-184.
987 157 1052 221 345

26 303 63 363 et
77 319 216 364 mecum
230 297 310 364 duos
323 297 563 383 frugalissimos
578 298 726 364 homines
745 299 867 364 scribas
886 298 1052 385 haberem,

24 387 64 451 L.
93 386 287 452 Mamilium
320 389 353 450 et
379 385 414 451 L.
438 384 600 472 Sergium,
631 408 697 452 non
729 387 825 452 modo
856 387 938 452 istas
971 389 1051 454 duas

27 475 342 560 quinquagesimae,
377 473 432 539 sad
465 475 595 540 omnino
626 497 795 540 nummum
826 476 954 540 nullum
986 477 1052 541 cui-

27 586 137 648 quam
166 583 240 627 esse
266 562 445 627 deductum.
490 562 640 628 Dicerem
662 563 724 628 hoc
746 562 828 628 mihi
849 567 957 629 totum
980 562 1103 628 esse‘l9

4 650 301 734 sadtribuendum,
318 650 447 735 iudices,
466 651 495 714 si
512 651 563 715 illi
581 672 736 735 umquam
754 651 816 717 hoc
835 673 855 716 a
873 673 924 717 me
942 655 1052 737 postu-

27 742 175 823 lassent,
195 739 225 803 si
238 760 393 822 umquam
407 739 537 804 omnino
552 739 772 825 cogitassent.⁴
790 738 894 815 Quam
908 741 950 806 ob
965 763 1034 806 rem
1054 743 1106 796 183

29 830 122 893 enim
145 827 257 893 scriba
273 827 419 911 deducat,
442 831 475 892 et
492 848 558 893 non
575 827 686 912 potius
705 828 815 912 mulio,
839 828 895 912 qui
913 829 1053 913 advexit,

30 918 129 998 [non]
141 915 348 1000 tabellarius,
356 915 445 980 cuius
456 915 596 980 adventu
606 917 759 981 certiores
768 915 849 982 facti
858 917 1053 1002 petiverunt,

4 1091 202 1158 osustulit‘?
225 1113 307 1176 quae
324 1113 402 1177 pars
420 1113 537 1176 operae
556 1096 614 1156 aut
632 1092 865 1178 oportunitatis
888 1092 924 1157 in
946 1093 1054 1159 scriba

30 1185 99 1266 est,
135 1201 196 1246 cur
229 1180 258 1244 ei
289 1200 355 1244 non
381 1179 478 1245 modo
506 1201 628 1245 merces
654 1184 749 1246 tanta
777 1180 882 1262 detur,
916 1180 972 1245 sed
997 1202 1054 1246 cur

31 1292 109 1336 cum
141 1289 182 1334 co
211 1271 323 1333 tantae
349 1267 502 1352 pecuniae
527 1267 663 1353 partitio
686 1267 767 1334 fiat?
812 1267 898 1333 Ordo
922 1272 972 1332 est
994 1268 1053 1333 ho-

31 1361 162 1423 nestas.
207 1354 286 1432 Quis
317 1359 430 1441 negat,
462 1359 519 1420 aut
551 1356 628 1439 quid
660 1378 699 1420 ea
725 1377 777 1420 res
805 1356 846 1420 ad
873 1355 957 1422 hano
984 1377 1053 1421 rem

32 1443 209 1530 pertinet?
248 1442 311 1508 Est
337 1465 413 1509 vero
440 1443 609 1528 honestus,
638 1444 725 1529 quod
751 1465 863 1509 eorum
885 1443 1053 1510 hominum

4 1549 22 1590 ιε
33 1534 112 1598 fidei
132 1531 270 1597 tabulae
292 1530 442 1616 publicae
464 1532 671 1616 periculaque
694 1533 947 1617 magistratuum
970 1554 1055 1598 oom-

34 1623 229 1686 mittuntur.
269 1618 385 1704 Itaque
411 1641 449 1684 ex
471 1620 523 1684 his
547 1620 676 1704 scribis,
704 1621 760 1704 qui
783 1619 873 1705 digni
896 1624 972 1685 sunt
994 1621 1054 1685 illo

36 1710 167 1793 ordine,
197 1707 346 1792 patribus
373 1707 529 1790 familias,
556 1707 634 1772 viris
659 1708 754 1772 bonis
778 1711 877 1792 atque
898 1707 1055 1791 honestis,

35 1795 294 1882 percontamini,
322 1795 399 1878 quid
426 1795 489 1860 sibi
515 1795 599 1860 istae
626 1795 914 1880 quinquagesimae
939 1795 1054 1878 velint3

35 1888 102 1952 iam
123 1883 280 1950 omnibus
303 1883 503 1969 intellegetis
525 1904 644 1949 novam
667 1903 737 1946 rem
759 1885 865 1947 totam
889 1886 985 1967 atque
1008 1882 1055 1947 in·

6 1975 178 2060 rugum
200 1971 310 2036 videri.
346 1970 399 2035 Ad
423 1991 478 2036 eos
501 1992 553 2036 me
576 1970 698 2036 scribas
722 1991 846 2055 revoca,
869 1969 898 2034 si
920 1970 1037 2055 placet,
1056 1982 1108 2033 184

37 2063 106 2127 noli
120 2062 188 2126 hos
203 2059 365 2145 colligere,
384 2059 440 2142 qui
452 2059 630 2124 nummulis
644 2058 826 2144 corrogatis
843 2059 881 2123 de
899 2062 1055 2142 nepotum

40 2151 134 2216 donis
169 2169 209 2214 ac
242 2148 281 2212 de
312 2148 531 2212 scaenicorum
564 2146 760 2231 corollariis,
791 2168 864 2212 cum
892 2146 1055 2226 decuriam

40 2240 207 2321 emerunt,
239 2256 278 2300 ex
308 2236 415 2320 primo
445 2235 557 2301 ordine
585 2236 793 2318 explosorum
819 2235 855 2299 in
881 2235 1056 2300 secundum

40 2327 192 2392 ordinem
206 2323 348 2389 civitatis
359 2345 401 2388 se
420 2323 547 2389 venisse
565 2323 684 2388 dicunt.
719 2322 787 2389 Eos
806 2323 929 2388 scribas
947 2327 1056 2388 tecum

11 2415 280 2500 adisceptatoras
302 2411 398 2476 huius
422 2412 565 2478 criminis
587 2410 725 2496 habebo,
749 2411 804 2495 qui
826 2411 908 2475 istos
933 2412 1055 2476 scribas

41 2525 110 2570 esse
140 2501 281 2567 moleste
307 2500 424 2565 ferunt.
465 2499 623 2583 Tametsi,
651 2520 724 2564 cum
750 2499 785 2562 in
813 2519 850 2563 eo
874 2497 985 2562 ordine
1007 2498 1056 2561 vi-

41 2592 177 2657 deamus
202 2609 272 2654 esse
294 2589 415 2654 multos
437 2609 505 2653 non
525 2587 674 2671 idoneos,
698 2587 753 2671 qui
775 2586 854 2652 ordo
877 2585 1056 2650 industriae

41 2679 235 2765 propositus
260 2680 310 2740 est
333 2680 366 2741 et
389 2676 555 2762 dignitati,
584 2675 776 2746 mirabimur
798 2674 904 2758 turpis
928 2673 1055 2756 aliquos

41 2770 84 2834 ibi
118 2787 207 2850 csse,
240 2785 303 2850 quo
335 2765 436 2829 cuivis
468 2764 574 2849 pretio
602 2763 680 2828 licet
706 2763 897 2848 pervenire?
941 2760 990 2824 'l'u
1016 2756 1108 2824 ex80

14 2857 182 2942 apecunia
200 2852 332 2939 publica
348 2849 404 2916 HS
422 2852 601 2917 terdeciens
621 2851 762 2918 scribam
779 2854 873 2915 tuum
895 2848 1055 2931 permissu

42 2950 96 3010 tuo
128 2964 204 3009 cum
233 2939 406 3007 abstulisse
432 2939 570 3024 fateare,
597 2939 757 3025 reliquam
784 2937 847 3002 tibi
872 2936 975 2999 ullam
1003 2935 1054 2999 de-

42 3033 226 3098 fensionem
239 3030 336 3114 putas
354 3028 446 3092 esse?
469 3027 531 3093 hoc
549 3048 745 3113 quemquam
763 3026 848 3090 ferre
866 3044 972 3108 posse,
993 3023 1056 3088 hoc

44 3140 242 3205 quemquam
270 3115 405 3199 denique
431 3137 517 3181 nunc
538 3119 670 3181 tuorum
693 3115 923 3179 advocatorum
947 3111 1055 3176 animo

45 3230 148 3293 aequo
168 3205 279 3272 audire
298 3204 467 3288 arbitrare,
491 3225 554 3288 qua
575 3204 611 3268 in
634 3202 767 3268 civitate
787 3199 820 3266 O.
836 3198 961 3283 Catoni,
984 3221 1056 3264 con·

18 3296 147 3362 asulari
170 3292 309 3376 homini,
335 3291 516 3356 clarissimo
538 3291 624 3375 viro,
646 3287 702 3355 HS
725 3291 797 3354 mn
819 3289 860 3353 lis
884 3287 1057 3352 aestimata

48 3385 100 3469 sit,
127 3383 163 3448 in
191 3381 303 3447 eadem
327 3379 459 3445 civitate
483 3379 663 3464 apparitori
686 3383 743 3443 tuo
767 3398 837 3444 esse
861 3397 1056 3457 conoessum,

47 3477 81 3536 ut
101 3469 160 3535 Hs
182 3467 362 3535 terdeciens
386 3489 450 3533 uno
472 3467 602 3533 nomine
626 3465 792 3531 auferret?
