2470 3936
320 113 388 170 LIB.
401 115 428 170 V
460 114 538 171 ΟΔΡ.
557 121 661 172 57-59
680 123 695 184 5
715 123 863 174 rte-154.
1025 121 1092 188 485

85 257 200 324 misit?
227 279 291 343 quo
318 258 388 324 iure
410 257 539 324 fecisti?
567 260 638 345 quis
660 259 747 326 idem
768 261 869 327 fecit?
897 262 952 348 qni
974 263 1035 330 tibi
1057 265 1092 330 id

83 347 193 413 facere
224 345 338 414 licuit?
387 345 508 414 Forum
534 348 667 434 plenum
694 354 729 414 et
754 349 907 418 basilicas
935 351 1072 418 istorum
1093 369 1142 420 152

84 435 255 500 hominum
276 435 437 520 videmus,
462 439 495 501 et
517 437 627 502 animo
647 457 753 522 aequo
774 438 930 506 ridemus.
976 438 1091 507 Civilis

84 523 172 590 enim
200 523 409 590 dissensionis
436 527 469 590 et
497 546 553 590 seu
580 525 741 590 amentiae
766 547 823 592 seu
846 527 906 592 fati
929 549 985 596 seu
1008 530 1092 595 cala·

56 611 213 679 raritatis
234 633 302 679 non
323 616 374 678 est
395 612 458 678 ists
480 613 639 679 molestus
662 615 781 698 exitus,
801 615 838 678 in
861 637 925 700 quo
947 617 1091 702 reliquos

85 701 205 768 saltem
232 700 311 766 ciris
337 701 509 768 incolumis
536 701 613 767 lieet
635 721 834 768 conservare.
874 703 1007 791 Verres,
1033 707 1092 772 ille

83 793 180 856 retus
198 788 346 872 proditor
363 789 515 873 consulis,
535 790 717 856 translator
735 794 936 876 quaesturae,
959 813 1092 860 aversor

84 877 240 963 pecuniae
263 876 426 963 publicae,
453 881 582 943 tantum
606 879 669 944 sibi
692 879 897 945 auctoritatis
920 881 956 944 in
977 903 1013 947 re
1035 904 1092 967 pu-

84 966 174 1032 blica
192 965 343 1050 suscepit,
364 970 410 1049 ut,
433 967 556 1050 quibus·
568 966 754 1032 lmminibus
772 987 830 1052 per
854 971 1012 1054 senatum,
1033 991 1093 1053 per

45 1075 71 1116 ¹⁰
84 1053 553 1228 &wstburi
569 1057 1093 1233 lltzttttttuttlt:

83 1231 126 1296 iis
146 1231 296 1298 omnibus
314 1234 453 1298 mortam
472 1230 622 1297 acerbam
640 1231 866 1316 crudelemque
885 1239 1092 1320 proponeret,

85 1320 115 1386 si
141 1317 274 1386 fortuna
300 1340 355 1384 eos
383 1320 424 1385 ad
447 1319 590 1404 aliquam
612 1324 739 1404 partem
759 1317 891 1386 Siciliae
914 1321 1093 1388 detulisset.

84 1407 140 1474 Ad
154 1405 211 1474 On,
224 1406 426 1492 Pompeium,
444 1408 660 1474 clarissimum
673 1408 779 1472 uirum
798 1413 832 1474 et
849 1409 1074 1496 fortissimum,
1094 1425 1144 1476 153

47 1515 71 1558 n
85 1495 242 1582 permulti
269 1496 374 1562 acciso
402 1494 567 1580 Perperna
592 1518 631 1562 es
659 1496 718 1562 illo
744 1493 930 1562 Sertoriano
957 1520 1092 1568 numero

85 1584 229 1651 militum
264 1583 488 1670 confugerunt.
537 1583 641 1660 Quem
673 1605 739 1650 non
769 1585 827 1652 ille
861 1607 987 1651 summo
1019 1609 1093 1652 cum

86 1671 194 1738 studio
209 1673 336 1738 salvom
348 1672 608 1756 incolumemque
622 1671 787 1737 servavit?
809 1674 861 1738 cui
873 1674 937 1738 civi
953 1675 1093 1759 supplici

85 1783 153 1828 non
169 1761 229 1826 illa
247 1759 380 1826 dextera
397 1760 519 1826 invicta
536 1759 633 1824 fidem
651 1761 797 1844 porrexit
815 1765 848 1825 et
866 1781 957 1846 spem
977 1763 1092 1828 salutis

86 1849 251 1916 ostendit?
291 1848 384 1914 Itane
411 1849 510 1914 raro?
538 1848 655 1933 quibus
678 1847 742 1913 fuit
763 1852 877 1933 portus
900 1849 987 1934 apud
1010 1872 1093 1935 eum,

48 1956 73 1998 ao
86 1959 184 2023 quem
202 1941 316 2003 contra
335 1937 597 2020 armatulerant,
619 1936 660 2001 iis
679 1937 765 2020 apud
787 1941 829 2021 te,
852 1937 941 2002 cuius
964 1938 1092 2003 nullum

85 2028 121 2091 in
142 2047 180 2090 re
201 2025 333 2109 publica
355 2028 556 2091 momentum
578 2046 733 2109 umquam
754 2023 832 2108 fuit,
856 2045 944 2090 mors
968 2029 1001 2090 et
1024 2047 1092 2090 cru·

85 2115 191 2181 ciatns
215 2118 286 2196 erat
308 2113 526 2179 constitutus?
567 2113 663 2197 Vide,
691 2134 788 2196 quam
811 2113 1014 2180 commodam
1037 2114 1144 2190 de-59

84 2202 266 2270 sensionem
288 2201 497 2286 excogitarisl
536 2200 625 2266 Malo
648 2200 829 2270 mehercule
851 2200 894 2286 id,
916 2202 1002 2286 quod
1023 2205 1062 2266 tu
1079 2207 1144 2278 (59)

87 2290 246 2375 defendis,
272 2289 324 2356 his
350 2289 509 2355 iudicibus
536 2289 721 2374 populoque
748 2289 896 2354 Romano
925 2311 1023 2374 qnam
1049 2289 1092 2374 id,

50 2395 73 2440 a
87 2379 174 2464 quod
202 2399 262 2464 ego
289 2377 458 2462 inmmulo,
488 2376 633 2460 probari,
664 2378 766 2461 malo,
797 2377 944 2461 inquam,
975 2381 1009 2440 te
1035 2377 1093 2441 isti

86 2466 200 2554 generi
229 2465 397 2532 hominum
430 2486 528 2548 quam
559 2465 793 2529 mercatoribus
823 2469 856 2528 et
884 2462 1092 2529 naviculariis

85 2555 253 2622 inimicum
276 2557 373 2638 atque
394 2550 549 2618 infestum
571 2552 689 2637 putari.
729 2551 838 2618 Meum
860 2551 948 2616 enim
971 2551 1093 2618 crimen

87 2643 243 2710 avaritiae
257 2646 291 2708 te
303 2642 424 2709 nimiae
438 2640 595 2727 coarguit,
612 2644 672 2705 tua
688 2639 831 2705 defensio
848 2639 969 2704 furoris
988 2639 1093 2704 cuius-

86 2732 162 2800 dsm
181 2735 216 2796 et
232 2730 446 2796 immanitatis
466 2733 499 2795 et
520 2729 685 2794 inanditae
708 2728 911 2794 crudelitatis
935 2731 967 2792 et
989 2747 1092 2812 paene

50 2834 190 2886 sonorae
216 2818 472 2905 proscriptionis.
517 2815 580 2882 Sed
606 2838 673 2882 non
700 2817 778 2882 licet
808 2837 860 2881 me
887 2816 952 2880 isto
980 2818 1073 2880 tanto
1094 2826 1145 2877 154

85 2910 187 2993 bono,
217 2907 353 2990 iudices,
381 2906 444 2990 nti,
469 2926 537 2971 non
563 2904 649 2970 licet.
675 2904 823 2971 *adama
851 2904 937 2969 enim
962 2902 1093 2968 Puteoli

85 2997 164 3080 toti3
190 2994 447 3080 frequentissimi
468 2997 626 3059 venerunt
649 2993 691 3058 ad
712 2994 774 3058 hoc
796 2991 951 3057 iudicium
973 3011 1093 3056 mercu-

85 3089 188 3170 tores,
215 3083 362 3152 homines
389 3082 568 3167 locupletes
595 3085 694 3166 atque
719 3080 863 3165 honesti,
891 3079 946 3164 qui
971 3076 1093 3165 partim

86 3172 192 3239 socios
215 3193 306 3255 suos,
331 3171 453 3257 partim
475 3170 626 3256 libertos,
652 3169 774 3255 partim
797 3167 996 3235 conlibertos
1020 3188 1093 3252 spo-

50 3261 185 3327 ⁸⁵liatos
211 3261 247 3326 in
272 3260 381 3326 vincla
407 3259 584 3342 coniectos,
610 3258 732 3344 partim
756 3257 791 3322 in
813 3255 929 3324 vinclis
951 3260 1094 3340 necatos,

84 3348 207 3433 partim
235 3348 339 3414 securi
365 3368 535 3433 percussos
564 3367 633 3412 esse
657 3346 776 3412 dicunt.
815 3343 879 3410 Hic
901 3343 973 3409 vide
996 3365 1094 3428 quam
1215 3353 1216 3356 ’

85 3459 137 3502 me
165 3436 211 3504 sis
239 3457 357 3502 usurus
384 3457 496 3521 aequo.
542 3433 625 3502 Cum
653 3455 714 3520 ego
737 3434 773 3501 Ρ.
792 3432 950 3500 Granium
974 3435 1094 3498 testem
1215 3479 1216 3490 ,
