2470 3936
327 168 432 222 clav
465 167 542 223 GAP.
557 175 662 224 aa-ar
681 175 696 236 a
715 175 826 227 sa—ae.
1018 173 1082 238 461

79 313 176 380 dedit.
226 309 326 377 Stetit
358 313 502 378 soleatus
531 317 667 398 praetor
696 314 810 399 populi
841 315 980 382 Romani
1011 325 1086 384 cum

77 402 181 488 pallio
204 421 367 486 purpureo
393 401 565 486 tunicaque
593 401 691 467 talari
716 403 906 470 muliercula
932 405 1026 470 nixam
1049 408 1087 472 in

76 491 185 555 litore.
221 487 292 554 Iam
309 488 371 554 hoc
392 489 492 554 istum
514 489 636 555 vestitu
654 488 754 555 Siculi
777 491 926 576 civesque
944 493 1087 560 Romani

76 576 235 664 permulti
249 598 345 662 saepe
358 577 514 643 viderant.
544 576 763 662 Posteaquam
778 580 912 664 paulum
930 586 1084 666 provecta
1102 597 1136 646 8⁷

47 666 193 733 celassis
221 669 271 730 est
298 668 332 730 et
353 663 542 749 Pachynum
568 666 682 750 quinto
706 667 756 730 die
780 666 916 752 denique
939 669 1085 755 adpulsa,

76 758 198 820 nautae
241 753 344 818 coacti
383 753 469 818 fame
509 753 633 820 radices
673 755 856 839 palmarum
897 758 1084 844 agrestium,

78 863 217 929 quarum
243 845 314 906 erat
335 841 370 906 in
391 841 459 906 illis
482 842 576 925 loeis,
604 843 700 908 sicuti
721 843 756 908 iu
779 865 899 930 magna
920 849 1015 930 parte
1037 846 1085 912 Si-

77 931 187 1014 ciliae,
214 929 403 1014 multitudo,
429 929 628 1015 colligebant
651 935 684 994 et
706 931 746 996 iis
770 932 880 998 miseri
902 935 1084 1019 perditique

77 1019 265 1100 alebantur3
292 1017 480 1084 Cleomenes
505 1021 627 1102 autem,
654 1018 709 1102 qui
732 1019 872 1085 alterum
895 1041 930 1086 se
948 1021 1087 1090 Verrem

36 1126 64 1167 ιο
77 1129 152 1174 oum
177 1105 303 1171 luxurie
326 1127 363 1171 ac
385 1105 543 1191 nequitia,
570 1109 641 1171 tum
664 1107 764 1172 etiam
785 1107 921 1193 imperio
944 1114 1085 1196 putaret,

77 1194 232 1261 similiter
258 1197 347 1260 totos
375 1194 443 1259 dies
470 1194 505 1259 in
531 1194 627 1260 litore
648 1195 859 1262 tabernaculo
881 1197 990 1281 posito
1012 1221 1116 1284 per.
1229 1173 1230 1190 ³

76 1283 226 1370 potabat.
252 1281 336 1348 Eece
350 1285 460 1348 autem
472 1286 605 1368 repente
619 1283 708 1348 ebrio
723 1281 904 1368 Cleomene,
917 1287 1084 1352 esurienti·
1094 1293 1137 1358 34

76 1373 139 1438 bus
168 1371 284 1437 ceteris
310 1371 480 1436 nuntiatur
507 1371 688 1456 piratarum
716 1393 786 1436 esse
813 1373 906 1438 navis
931 1374 966 1438 in
987 1380 1086 1462 portu

77 1459 256 1544 Odysseae3
281 1481 359 1524 nam
380 1459 429 1523 ita
450 1459 479 1524 is
502 1459 593 1524 locus
615 1459 815 1544 nominatam
839 1465 953 1528 nostra
974 1467 1085 1528 autem

38 1564 64 1606 1⁵
78 1548 195 1614 classis
212 1550 283 1612 erat
300 1547 335 1610 in
352 1550 450 1632 portu
469 1546 622 1633 Pachyni.
654 1546 843 1614 Cleomenes
862 1554 980 1634 autem,
999 1553 1085 1636 quod

78 1639 151 1702 erat
170 1638 323 1701 terrestre
341 1634 536 1720 praesidium
555 1657 622 1701 non
638 1657 683 1720 re,
706 1637 763 1701 sed
780 1636 918 1720 nomine,
942 1640 1086 1724 speravit

76 1725 120 1790 iis
147 1722 321 1807 militibus,
350 1744 431 1807 quos
457 1745 495 1788 ex
518 1743 556 1788 eo
579 1723 651 1788 loco
675 1723 882 1809 deduxisset,
899 1727 1027 1810 explere
1051 1750 1085 1792 se

76 1833 251 1879 numerum
278 1814 452 1876 nautarum
480 1814 513 1876 et
538 1811 699 1896 remigum
721 1832 826 1897 posse.
870 1813 1012 1898 Reperta
1034 1819 1085 1880 est

77 1901 192 1967 eadem
223 1899 319 1964 istius
351 1899 494 1964 hominis
524 1899 708 1965 avarissimi
733 1899 818 1964 ratio
845 1900 880 1964 in
906 1902 1084 1986 praesidiis,

38 2005 64 2046 ¹⁰
78 2009 164 2074 quae
185 1987 221 2052 in
243 1987 415 2072 classibus3
441 2009 518 2054 nam
541 1990 634 2054 erant
656 1988 809 2073 perpauci
831 1989 961 2073 reliqui,
987 1993 1085 2056 ceteri

78 2075 216 2142 drmissi.
245 2073 399 2160 Princeps
414 2074 602 2141 Cleomenes
616 2076 652 2140 in
665 2075 861 2161 quadriremi
875 2076 1085 2163 Centuripina
1103 2089 1137 2139 88

77 2166 205 2231 malum
222 2163 313 2250 erigi,
336 2165 410 2228 vela
430 2163 511 2248 fieri,
533 2163 677 2249 praecidi
699 2185 833 2230 ancoras
856 2165 1029 2251 imperavit
1052 2171 1085 2232 et

77 2254 191 2336 simul,
222 2255 260 2316 ut
287 2273 321 2317 se
349 2251 447 2317 ceteri
475 2255 698 2336 sequerentur,
728 2253 858 2338 signum
885 2255 955 2320 dari
981 2255 1085 2320 iussit.

76 2341 170 2406 Haec
183 2338 394 2424 Centuripina
406 2339 500 2404 navis
519 2343 589 2405 erat
605 2339 788 2405 incredibili
806 2341 972 2407 celeritate
989 2344 1084 2428 velis3

39 2445 63 2487 ²⁵
76 2451 157 2496 nam
184 2428 265 2494 scire
289 2427 355 2494 isto
377 2430 528 2512 praetore
549 2448 645 2492 nemo
668 2431 812 2511 poterat,
839 2429 916 2512 quid
940 2452 1084 2514 quaeque

76 2517 173 2583 naris
208 2516 306 2582 remis
337 2514 443 2581 facere
474 2518 600 2600 posset3
636 2515 698 2580 etsi
729 2515 764 2578 in
794 2515 856 2581 hac
888 2517 1085 2600 quadriremi

76 2607 215 2706 propter
232 2604 389 2670 honore'm
411 2606 446 2668 et
467 2602 609 2689 gratiam
628 2601 810 2668 Cleomenis
833 2604 965 2670 minime
988 2607 1084 2671 multi

76 2713 220 2778 remiges
239 2695 272 2757 et
289 2691 410 2758 milites
429 2691 571 2757 deerant.
606 2689 765 2757 Evolarat
783 2691 848 2758 iam
870 2714 887 2756 e
911 2697 1084 2778 conspectu

75 2781 146 2846 fere
182 2780 310 2867 fugiens
347 2779 572 2865 quadriremis,
609 2800 683 2846 cum
718 2779 817 2846 etiam
852 2784 924 2846 tum
959 2784 1084 2848 ceterae

40 2885 179 2936 sonares
198 2889 262 2934 uno
285 2868 319 2932 in
341 2869 413 2933 loco
437 2865 664 2934 moliebantur.
699 2866 782 2933 Erat
805 2868 932 2936 animus
953 2869 989 2934 in
1011 2869 1084 2935 reli·
1103 2885 1136 2934 ec

77 2957 167 3042 quia;
200 2978 396 3041 quamquam
428 2960 521 3024 erant
549 2956 658 3041 pauci,
689 2976 818 3040 quoquo
846 2957 942 3022 modo
969 2979 1021 3022 res
1050 2979 1085 3022 se

76 3045 235 3128 habebat,
257 3065 404 3130 pugnare
426 3046 537 3109 tamen
560 3066 595 3108 se
617 3043 702 3110 velle
725 3044 911 3110 clamabant
934 3049 975 3130 et,
998 3045 1085 3130 quod

76 3133 240 3217 reliquum
263 3133 350 3198 vitae
372 3131 554 3216 viriumque
575 3131 678 3198 fames
701 3131 836 3216 fecerat,
863 3133 897 3198 id
919 3133 1005 3199 ferro
1029 3155 1084 3218 po-

76 3221 244 3286 tissimum
274 3221 406 3286 reddere
438 3221 601 3285 volebant.
651 3217 773 3294 Quodsi
800 3219 987 3288 Cleomenes
1018 3244 1085 3290 non

40 3325 63 3366 ³⁶
76 3314 174 3375 tanto
190 3312 265 3374 ante
282 3308 431 3395 fugisset,
450 3309 560 3393 aliqua
577 3311 688 3374 tamen
706 3308 748 3373 ad
765 3309 980 3377 resistendum
999 3311 1083 3376 ratio

75 3398 205 3464 fuisset.
252 3395 335 3464 Erat
367 3397 451 3462 enim
481 3397 552 3462 sola
577 3396 637 3461 illa
663 3397 756 3463 navis
783 3402 950 3465 constrata
977 3402 1010 3467 et
1036 3398 1084 3463 ita

77 3507 213 3572 magna,
239 3489 278 3551 ut
303 3485 547 3572 propugnaculo
570 3485 685 3551 ceteris
708 3489 820 3571 posset
843 3507 926 3570 esse,
950 3508 1031 3570 quae
1055 3485 1083 3550 si
