2392 3944
272 173 373 229 ΗΒΑ
414 173 492 230 ose.
512 178 556 245 aa,
573 179 608 230 ae
627 179 643 242 s
661 179 792 231 es-ror.
973 175 1035 240 lll

40 315 194 382 actoribus
211 315 406 382 Dolabellae
422 317 614 404 obsignatas
633 317 767 403 diceret3
789 318 924 403 proinde
944 322 1037 404 quasi

40 405 229 471 exscribendi
259 409 458 490 potestatem
487 427 554 471 non
580 407 724 472 haberet.
774 404 871 472 Solus
898 413 949 474 est
975 409 1037 493 hic,

41 494 90 578 qui
109 515 285 578 nmnquam
308 495 450 560 rationes
473 493 515 559 ad
538 496 699 560 aerarium
722 494 852 562 referat.
887 496 1035 562 Audistis
1047 494 1089 558 39

40 583 252 665 quaestoriam
275 583 436 648 rationem
459 583 565 648 tribus
588 583 757 649 versiculis
780 585 928 669 relatam,
950 584 1036 670 lega·

20 671 128 735 ebonis
154 691 223 736 nen
248 671 313 735 nisi
340 672 553 737 condemnato
581 675 615 736 et
642 673 744 738 eiecto
768 693 819 757 eo,
848 672 903 756 qui
925 677 1037 758 posset

40 758 275 843 reprehendere,
305 779 392 824 nunc
417 759 554 843 denique
581 765 767 845 praeturam
799 781 897 844 quam
924 782 962 826 ex
990 781 1037 825 se·

40 852 125 912 uatus
154 847 305 912 consulto
332 848 446 912 statim
473 847 595 912 referre
622 849 746 932 debuit,
778 871 880 934 usque
907 848 949 914 ad
975 849 1037 914 hoc

40 940 156 1020 tempus
184 955 252 1000 non
278 935 414 1000 rettulit.
460 933 656 1012 Quaestorcs
684 957 754 1002 sese
780 938 816 1002 in
843 943 958 1018 senatu
984 959 1037 1002 ex·
1055 957 1089 1010 aa

40 1027 157 1109 pectere
190 1022 285 1107 dixit,
315 1023 451 1109 proinde
483 1026 576 1108 quasi
606 1045 686 1109 non,
716 1029 754 1090 ut
786 1030 939 1108 quaestor
967 1027 1036 1090 sine

14 1116 179 1196 opaeum
201 1112 310 1195 possit
332 1112 492 1213 rationem
514 1112 634 1178 referre
658 1111 710 1198 (ut
732 1117 783 1196 tu,
807 1111 986 1215 Hortensi„
1000 1118 1037 1214 ut

41 1198 731 1373 lufflbstltmmtlbtlutltl
754 1199 1038 1375 labbatut

42 1377 223 1461 conscriptis
246 1398 343 1460 quam
366 1397 464 1442 causa
485 1378 621 1463 placuit3
644 1378 874 1464 probaverunt.
915 1377 1037 1443 Verum

43 1469 219 1550 quaestores
238 1485 364 1550 quoque
381 1465 592 1549 iampridem
615 1470 785 1550 venerunt,
808 1487 865 1532 cur
886 1486 953 1532 non
975 1471 1038 1531 ret

17 1554 156 1618 eunti?
189 1552 327 1618 Illarum
340 1553 504 1619 rationum
523 1575 562 1618 ex
585 1574 624 1618 ea
640 1553 729 1620 faece
748 1555 922 1641 legationis
941 1559 1046 1641 quae-'

44 1641 214 1725 ebriaeque
241 1644 317 1706 tuae
341 1643 578 1724 procurationis
601 1642 661 1707 illa
683 1647 761 1710 sunt
781 1644 928 1724 nomina,
956 1663 1037 1727 quae

43 1725 223 1794 Dolabellae
257 1730 439 1794 necessario
471 1734 548 1794 sunt
583 1730 766 1796 aestimata.
819 1730 870 1795 Er
900 1747 1037 1795 aramus

45 1835 238 1884 marmoris
252 1815 490 1883 Doaranaasn
504 1835 557 1882 en.
571 1835 616 1882 nr
630 1835 699 1884 ruo
713 1835 780 1884 ru:
799 1817 892 1894 Quod
911 1818 1018 1882 minus
1039 1831 1090 1880 100

44 1903 205 1972 Dolabella
229 1905 325 1971 Verri
352 1910 519 1991 acceptum
546 1905 689 1990 rettulit,
722 1925 819 1990 quam
841 1903 960 1970 Verres
986 1905 1038 1968 illi

18 2003 206 2079 terpensum
220 1994 343 2078 tulerit,
360 1993 416 2058 HS
431 1995 610 2080 quingenta
623 1995 762 2080 triginta
778 1995 919 2077 quinque
937 1993 1038 2078 milia,

46 2085 70 2145 et
89 2083 172 2167 quod
194 2083 269 2166 plus
291 2082 369 2147 lecit
391 2082 566 2148 Dolabella
583 2080 719 2147 Verrem
742 2082 916 2167 accepisse,
939 2103 1037 2166 quarn

45 2169 95 2235 istc
119 2173 154 2236 in
182 2171 249 2237 suis
273 2171 395 2236 tabulis
418 2170 547 2254 habuit,
573 2169 630 2235 HS
653 2171 791 2236 ducenta
812 2170 951 2256 triginta
974 2171 1037 2236 duo

45 2259 134 2342 milia,
166 2264 201 2324 et
233 2258 319 2344 quod
349 2260 424 2344 plus
452 2258 609 2324 frumenti
634 2258 713 2324 fecit
740 2259 901 2343 accepisse
928 2259 1037 2343 istum,

45 2344 90 2411 HS
101 2347 228 2413 deciens
243 2352 277 2412 et
295 2347 483 2432 octingenta
500 2347 602 2432 milia,
620 2346 706 2432 quod
723 2351 760 2412 tu
778 2347 876 2412 horno
896 2348 1037 2413 castissi-

20 2443 105 2500 ⁵nus
130 2435 220 2502 aliud
246 2436 281 2500 in
307 2435 429 2500 tabulis
454 2435 609 2500 habebas.
653 2434 739 2500 Hinc
762 2435 840 2500 illae
863 2437 1038 2502 extraordi-

47 2524 141 2588 nariae
172 2524 342 2608 pecuniae,
374 2544 455 2607 quas
485 2524 577 2589 nullo
608 2524 687 2589 duce
718 2527 830 2590 tamen
860 2525 970 2608 aliqua
999 2547 1038 2588 ex

47 2612 194 2692 particula
220 2612 470 2696 investigamus,
496 2611 730 2696 redundarunt,
756 2612 833 2678 hino
856 2613 942 2677 ratio
965 2633 1038 2676 curn

48 2696 121 2772 het
141 2699 200 2766 Cn.
217 2698 383 2765 Postumis
402 2698 523 2765 Curtiis
546 2701 659 2766 multis
681 2701 877 2785 nominibus,
900 2720 1037 2785 quorum

48 2785 205 2854 intabulis
226 2789 290 2853 iste
312 2788 412 2854 habet
433 2788 574 2872 nullum3
596 2787 672 2854 hinc
693 2786 750 2853 HS
773 2793 888 2874 quater
912 2787 1038 2851 deciens

22 2870 75 2940 ⁸P.
87 2874 181 2942 'ladio
201 2879 408 2942 numeratum
426 2876 566 2941 Athenis
586 2877 725 2943 testibus
748 2879 884 2963 planum
906 2873 1039 2957 faciam3

48 2959 109 3028 hine
133 2970 245 3051 empta
268 2964 474 3051 apertissime
496 2968 662 3050 praetura,
688 2966 752 3030 nisi
774 2967 860 3031 forte
883 2963 917 3027 id
939 2961 1039 3026 etiam

49 3047 165 3118 dubium
184 3057 243 3138 est,
266 3075 330 3139 quo
350 3052 445 3119 modo
463 3052 526 3117 iste
544 3059 676 3138 praetor
693 3053 799 3118 factus
819 3053 871 3116 sit.
911 3049 1020 3117 Homo
1042 3061 1090 3110 101

49 3139 156 3206 scilicet
183 3146 240 3206 aut
267 3141 427 3206 industria
454 3144 511 3206 aut
537 3160 636 3224 opera
663 3141 803 3226 probata
825 3142 882 3205 aut
904 3138 1039 3225 frugali-

49 3227 114 3291 tatis
132 3229 370 3295 existimatione
392 3230 561 3314 praeclara
583 3234 640 3294 aut
663 3229 808 3312 denique,
830 3227 864 3292 id
888 3226 973 3312 quod
996 3227 1040 3291 le-

24 3313 201 3384 llvissimum
227 3322 291 3403 est,
319 3317 524 3396 assiduitate,
552 3318 608 3401 qui
636 3321 711 3382 ante
735 3319 943 3401 quaesturam
966 3337 1039 3380 cum

50 3407 254 3472 meretricibus
292 3406 526 3491 lenonibusque
563 3405 710 3490 vixisset,
747 3409 956 3489 quaesturam
992 3404 1040 3469 ita

51 3492 198 3579 gessisset,
224 3515 323 3580 quem
351 3495 549 3560 admodum
576 3493 790 3579 cognovistis,
818 3491 941 3557 Romae
963 3494 1040 3575 post

92 3603 184 3649 crura
200 3611 217 3650 1.
791 3600 824 3648 12
