2386 3938
307 182 383 238 cnr.
403 189 488 238 c-11
508 187 523 249 s
540 187 654 238 ar-ss.
923 187 987 252 109

32 323 54 388 li
70 326 174 410 obicies,
193 326 264 392 idne
286 326 382 393 alteri
406 327 532 393 crimini
551 327 652 409 dabis,
675 328 761 411 quod
776 328 891 394 eodem
908 333 987 396 tem·

31 415 129 498 polein
152 415 256 481 eadem
276 415 444 502 provincia
470 420 507 481 tu
533 415 604 502 ipse
626 415 754 482 fecisti?
785 417 917 482 audebis
939 418 988 484 ita

32 523 141 568 causare
168 505 315 588 alterum,
330 563 335 572 ,
350 508 402 588 ut,
433 526 496 588 quo
528 504 635 570 minus
666 509 738 569 tute
770 505 989 589 condemnere,

31 611 138 656 rumare
160 613 222 657 non
247 593 375 678 possis?
425 590 483 657 Sin
510 593 766 677 praetermittes,
793 594 900 677 qualis
927 594 989 659 crit

30 681 67 741 tua
82 680 135 744 ista
154 681 325 763 accusatio,
349 687 434 765 'quac
457 680 626 746 domestici
647 682 784 765 periculi
806 686 896 748 metu
922 705 988 749 cer·

30 765 114 831 tissimi
135 773 166 832 et
195 769 327 835 maximi
359 768 501 834 criminis
533 791 600 835 non
634 770 731 836 modo
764 771 988 856 suspicionem,

30 857 210 922 verumetiam
227 858 425 922 mentionem
441 857 548 943 ipsam
565 857 795 942 pertimescat?
831 859 989 945 Emptum
1007 862 1041 913 32

32 945 102 1006 ulex
117 941 144 1010 S.
160 943 193 1010 d.
209 945 408 1011 frumentum
427 946 468 1011 ab
487 943 604 1011 Siculis
625 951 776 1030 praetore
794 945 906 1030 Verre,
929 970 988 1032 pro

32 1049 70 1110 quo
89 1031 236 1100 frumento
263 1035 399 1119 pecunia
428 1035 533 1099 omnis
557 1034 666 1100 soluta
691 1039 836 1100 nonest.
882 1035 988 1100 Grave

24 1122 61 1180 cat
76 1118 124 1185 hoc
143 1122 261 1187 crimen
282 1123 318 1187 in
333 1121 478 1206 Verrem,
502 1143 600 1209 grava
624 1144 675 1188 me
699 1127 825 1208 agente,
846 1127 880 1187 te
899 1144 988 1189 accu-

31 1211 91 1270 sante
107 1210 237 1294 nullum3
261 1231 332 1276 eras
353 1211 439 1276 enim
455 1214 494 1275 tu
513 1214 675 1295 quaestor,
697 1211 867 1295 pecuniam
884 1212 989 1296 publi-

31 1311 75 1356 can
94 1299 124 1360 tu
145 1297 323 1382 tractabam
355 1321 394 1364 ex
422 1320 498 1382 qua,
525 1299 660 1363 etiamsi
686 1303 817 1384 cuperet
847 1303 989 1384 praetor,

31 1381 114 1467 lmen,
136 1406 173 1450 ne
199 1408 266 1470 qua
292 1385 440 1452 deductio
466 1387 573 1469 fieret,
602 1407 722 1472 magna
749 1409 788 1452 ex
814 1391 909 1472 parte
931 1391 989 1453 tua

24 1473 133 1560 ¹potestas
153 1479 230 1539 erat.
273 1473 379 1538 Huius
402 1495 529 1558 quoque
551 1473 653 1560 igitur
676 1475 820 1540 criminis
843 1480 876 1540 te
899 1498 988 1543 accu-

24 1561 91 1622 suu
120 1563 234 1628 mentio
275 1562 368 1628 nulla
408 1562 478 1645 fiet3
509 1562 658 1628 silebitur
688 1567 759 1628 toto
795 1563 912 1630 iudicio
949 1565 988 1630 de

32 1647 136 1714 mannis
161 1655 192 1714 et
218 1650 401 1715 notissimis
426 1650 516 1716 illius
543 1650 640 1716 furtis
670 1654 704 1716 et
725 1651 861 1717 iniuriis.
905 1652 989 1718 Mihi

33 1733 99 1817 rude,
124 1735 251 1822 Caecili,
282 1761 350 1804 non
377 1742 487 1825 potest
517 1739 552 1803 in
575 1737 753 1808 accusando
782 1739 886 1805 socios
912 1761 989 1805 vere

32 1817 151 1890 defendere
167 1827 204 1910 is,
218 1826 277 1912 qui
290 1849 363 1892 cum
376 1848 431 1892 reo
446 1827 617 1893 criminum
630 1827 785 1893 socictate
800 1827 988 1892 coniunctus

32 1911 67 1970 dl.
101 1910 254 2000 Mancipes
282 1937 302 1980 a
329 1915 515 1981 civitatibus
541 1936 602 2000 pro
628 1914 791 1979 frumento
819 1915 989 1998 pecuniam
1008 1930 1041 1980 33

24 1999 167 2082 laegeumt.
220 2002 327 2080 Quid?
363 2003 426 2068 hoc
455 2001 558 2068 Verre
593 2007 744 2088 praetore
779 2001 902 2068 sactum
938 2007 989 2068 est

32 2083 118 2180 solun?
159 2089 247 2176 Non,
285 2091 341 2156 sed
372 2091 471 2157 etiam
504 2095 674 2175 quaestore
706 2089 856 2157 caecilio.
905 2090 989 2167 Quid

31 2171 113 2252 lutor?
132 2178 262 2244 daturus
282 2200 316 2244 es
333 2178 408 2243 huic
427 2179 562 2263 crimini,
581 2179 666 2263 quod
684 2182 717 2243 et
730 2179 868 2263 potuisti
880 2181 989 2264 prohi-

32 2253 78 2323 bere
100 2285 133 2329 ne
158 2267 251 2332 fieret
280 2270 314 2331 et
345 2266 499 2350 debuisti,
531 2289 574 2332 an
603 2270 711 2333 totum
742 2266 776 2332 id
803 2267 989 2353 relinques?

31 2339 88 2432 drgo
109 2352 138 2418 id
162 2355 294 2420 omnino
321 2352 441 2420 Verres
467 2355 503 2420 in
533 2353 651 2421 iudicio
685 2376 743 2420 suo
774 2378 840 2421 non
872 2357 989 2441 audiet,

24 2431 86 2512 lquod
102 2461 164 2507 cum
184 2443 336 2527 faciebat,
360 2465 455 2527 quem
478 2441 668 2509 admodum
687 2441 875 2510 defensurus
894 2449 989 2530 esset,

32 2537 70 2586 non
85 2531 261 2613 reperiebat.

71 2612 158 2700 Atque
180 2640 241 2705 ego
265 2617 353 2704 haec,
376 2619 516 2703 quaein
538 2618 643 2684 medio
666 2618 775 2703 posita
798 2624 883 2704 sunt,
902 2624 1039 2686 conr-ll

33 2713 142 2796 &lucrm
163 2711 239 2773 sunt
262 2707 328 2772 alia
349 2707 453 2792 magis
477 2706 605 2772 occulta
630 2706 727 2790 furta,
755 2729 837 2792 quae
861 2708 925 2790 illc,
953 2710 990 2771 ut

32 2787 102 2884 dirus,
123 2795 225 2880 credo,
249 2795 374 2860 animos
397 2798 494 2880 atquc
517 2796 657 2880 impetus
679 2796 873 2879 retardaret,
902 2794 990 2859 beni·

24 2859 141 2950 llffllsime
150 2904 221 2949 cum
231 2887 401 2967 quaestore
412 2905 470 2949 suo
480 2884 738 2950 communicarit.
768 2881 859 2948 Haec
872 2886 909 2946 tu
927 2881 989 2948 scis
1009 2893 1044 2943 34

33 2957 57 3051 ld
67 2985 104 3029 nc
120 2991 183 3036 esse
200 2972 323 3056 delata3
341 2993 423 3055 quae
442 2971 470 3036 si
485 2972 583 3037 velim
597 2972 750 3056 proferre,
767 2969 864 3035 facile
879 2991 990 3036 omnes

34 3049 175 3140 nullegent
186 3059 280 3125 vobis
293 3060 379 3124 inter
394 3082 453 3126 vos
471 3081 538 3125 non
555 3060 651 3126 modo
669 3060 872 3124 voluntatem
890 3057 990 3124 fuisse

35 3137 201 3231 crineum,
223 3147 280 3213 sed
302 3169 342 3212 ne
364 3149 517 3232 praedam
541 3148 670 3232 quidem
693 3143 807 3213 adhuc'
820 3167 889 3212 esse
913 3147 990 3213 diui·

36 3237 81 3290 ΨΒ·
108 3230 303 3321 Quapropter
325 3236 354 3301 si
376 3235 438 3302 tibi
454 3236 608 3302 indicium
630 3235 779 3320 postulas
803 3233 882 3320 dari,
905 3235 991 3320 quod
1029 3232 1032 3238 ’

24 3305 102 3381 'llum
116 3342 175 3388 nna
195 3322 316 3402 fecerit,
338 3323 486 3403 concedo,
509 3324 538 3388 si
559 3323 593 3388 id
611 3324 683 3409 lege
701 3323 916 3408 permittitur;
940 3325 992 3388 sin

37 3401 104 3468 arten
126 3409 161 3474 de
186 3412 388 3478 accusatione
415 3413 564 3497 dicimus,
596 3412 751 3477 concedas
779 3416 911 3496 oportet
940 3412 991 3494 iis,

36 3495 152 3562 lucullo
169 3521 224 3566 suo
242 3503 375 3587 peccato
394 3501 622 3586 impediuntur,
647 3521 710 3583 quo
730 3499 836 3564 minus
856 3497 990 3564 alterius
