2470 3936
156 189 222 256 446
457 187 497 242 ΙΝ
515 187 544 243 Ο.
558 185 714 242 VERREM
731 185 812 242 lou.
830 187 864 242 Il.

156 332 279 417 omnia,
311 332 341 397 si
372 332 466 398 doces
495 353 611 397 navem
638 331 678 396 de
704 333 764 396 tua
790 330 925 415 pecunia
951 330 1157 414 mdificatem,

156 423 290 488 remitto
313 425 410 506 atquc
433 420 581 486 concedo.
622 415 684 484 Sed
706 419 783 503 hcc,
810 419 908 484 bomo
931 420 1158 502 amenbmime,

155 533 222 577 non
239 510 405 595 intellegis
423 509 531 593 priore
550 508 676 574 actione
695 508 737 572 ab
760 508 842 592 ipsis
859 507 932 572 istis
950 507 1159 590 Mamertinis,

155 600 223 664 tuis
249 597 488 681 laudatoribus,
515 617 585 662 esse
609 596 798 662 sublatum?
838 595 923 662 Nam
947 596 1030 660 dixit
1051 595 1160 679 Heius,

156 689 307 773 princeps
329 686 423 750 istius
446 685 634 770 legationis,
658 706 740 769 quae
763 684 806 749 ad
827 687 918 750 tuam
941 683 1184 750 laudationem

155 777 258 841 missa
285 779 347 858 est,
373 795 491 839 navam
518 773 580 838 tibi
603 773 709 858 operis
732 773 872 859 publicis
893 771 1162 839 Mamertinorum

157 885 227 930 esse
253 864 388 946 factam,
416 861 509 947 eique
535 861 700 928 faciendae
726 864 912 926 senatorem
932 859 1162 927 Mamertinum

155 952 285 1038 publice
312 949 500 1036 praefuisse.
545 949 684 1034 Reliqua
707 954 759 1014 est
780 950 942 1015 materies.
986 945 1085 1016 Hauc
1105 949 1162 1014 Re-

157 1040 256 1127 ginis,
282 1043 320 1106 ut
346 1039 411 1125 ipsi
438 1039 548 1104 dicunt
575 1034 723 1124 (tametsi
749 1041 787 1102 tu
815 1059 935 1124 negare
957 1058 1026 1104 uon
1048 1038 1162 1124 potes),

155 1129 296 1214 publice,
318 1128 405 1213 quod
422 1125 609 1192 Mamertini
631 1127 801 1192 materiem
822 1147 890 1192 non
910 1127 1045 1211 babent,
1067 1127 1162 1212 impe
1174 1144 1195 1183 ¹⁰

105 1217 281 1283 19ravisti.
318 1215 361 1302 si,
385 1220 417 1281 et
436 1235 475 1280 ex
493 1237 557 1300 quo
575 1215 614 1279 fit
631 1215 724 1280 navis
743 1219 777 1279 ct
795 1215 851 1299 qui
870 1214 1004 1299 faciunt,
1027 1215 1161 1300 imperio

156 1306 219 1370 tibi
236 1310 304 1390 tuo,
325 1327 392 1371 non
409 1304 515 1390 pretio
533 1307 664 1388 praesto
682 1303 824 1387 fuerunt,
846 1303 903 1369 ubi
921 1303 1056 1368 tandem
1077 1303 1162 1368 istud

103 1401 138 1450 48
157 1394 252 1478 latet,
283 1394 369 1478 quod
396 1397 433 1458 tu
460 1393 499 1457 de
526 1395 584 1456 tua
610 1391 746 1476 pecunia
773 1391 852 1456 dicis
879 1393 1076 1477 inpensum?
1118 1391 1161 1456 At

156 1479 344 1568 Mamertini
374 1481 408 1545 in
443 1480 566 1545 tabulis
597 1480 680 1544 nihil
711 1479 843 1544 babent.
892 1479 1042 1546 Primum
1072 1481 1160 1547 video

156 1570 301 1655 potuisse
326 1568 410 1652 fieri,
436 1571 475 1632 ut
497 1590 536 1634 cx
559 1568 684 1632 aerario
706 1567 789 1632 nihil
813 1567 941 1652 darent3
969 1569 1091 1634 etenim
1112 1568 1193 1634 velo

158 1655 371 1743 Capitolium,
402 1655 487 1722 sicut
516 1656 602 1741 apud
629 1655 768 1720 maiores
794 1660 926 1722 nostros
953 1655 1080 1722 facturn
1107 1661 1160 1740 est,

157 1746 285 1832 publice
313 1745 434 1811 coactis
460 1743 564 1809 fabris
592 1743 762 1828 operisque
788 1743 958 1830 imperatis
987 1745 1093 1831 gratis
1115 1767 1162 1810 ex·

158 1835 321 1900 aedificari
339 1839 437 1919 atque
455 1832 540 1898 effici
557 1832 678 1916 potuit,
701 1831 815 1897 deinde
833 1832 1005 1918 perspicio,
1027 1833 1062 1899 id
1080 1833 1162 1919 quod

158 1923 342 2008 ostendam,
369 1943 442 1987 curn
467 1921 558 2006 ipsos
581 1919 776 2005 produxero,
803 1920 950 2005 ipsorum
973 1943 1013 1986 ex
1035 1922 1161 2006 litteris,

157 2011 279 2076 multas
311 2009 463 2095 pecunias
494 2007 560 2078 isti
581 2011 732 2094 erogatas
759 2009 795 2073 in
822 2030 957 2093 operum
985 2010 1196 2076 locationesn

156 2098 259 2164 falsas
274 2102 372 2181 atque
386 2097 498 2162 inanes
513 2117 583 2162 esse
601 2097 808 2181 perscriptas.
839 2095 911 2160 Iam
929 2097 1013 2162 illud
1032 2099 1162 2164 minime

157 2186 276 2251 mirum
304 2188 366 2267 est,
393 2183 620 2267 Mamertinos,
648 2203 678 2248 a·
695 2205 758 2268 quo
787 2205 951 2250 summum
973 2186 1161 2252 beneficium

158 2275 357 2357 acceperant,
376 2293 471 2356 quem
486 2271 550 2336 sibi
564 2271 750 2337 amiciorem
764 2293 861 2356 quam
878 2273 1003 2358 populo
1016 2274 1161 2340 Romano

158 2383 228 2428 esse
255 2362 489 2448 cognoverant,
517 2359 586 2425 eius
613 2360 713 2444 capiti
737 2360 857 2426 litteris
882 2361 950 2426 suis
972 2365 1161 2447 pepercisse.

157 2449 221 2517 Sed
245 2450 274 2516 si
297 2452 489 2538 argumento
513 2451 564 2513 est
585 2448 798 2514 Mamertinos
820 2449 883 2513 tibi
905 2451 1078 2534 pecuniam
1099 2467 1195 2517 nona

157 2539 293 2624 dedisse,
315 2539 392 2623 quia
410 2537 567 2690 mbiMum
584 2557 651 2602 non
667 2536 799 2621 habent,
821 2535 866 2601 sit
884 2544 1083 2624 argumento
1103 2540 1160 2605 tibi

157 2628 261 2715 gratis
282 2631 368 2692 stare
385 2647 450 2692 nav
503 2675 512 2710 ,
531 2625 615 2709 quia,
634 2625 711 2708 quid
729 2624 844 2690 emeris
863 2629 921 2691 aut
941 2626 1019 2711 qnid
1037 2629 1159 2713 locaris,

158 2716 316 2803 scriptum
338 2713 483 2799 proferre
503 2734 572 2778 non
592 2716 696 2799 potes.

103 2809 138 2859 49
224 2803 272 2869 At
289 2803 375 2869 enim
394 2802 514 2868 ideirco
536 2823 652 2866 narem
670 2799 874 2866 Mamertinis
897 2822 964 2868 non
986 2802 1159 2889 imperasti,

158 2892 244 2978 quod
258 2896 335 2957 sunt
346 2889 514 2957 foederati.
541 2889 586 2954 Di
599 2889 792 2974 adprobent!
815 2887 984 2956 Habemus
998 2892 1158 2958 hominem
1170 2910 1193 2951 a

156 2981 192 3046 in
208 2981 370 3046 fetialium
388 2978 537 3044 manibus
561 2977 740 3061 educatum,
761 2998 862 3042 unum
884 2982 1017 3062 praeter
1040 2987 1157 3047 coerce

156 3068 191 3133 in
224 3068 363 3153 publicis
397 3065 611 3154 religionibus
643 3066 809 3132 foederum
841 3070 992 3131 sanctum
1024 3089 1064 3154 ac
1095 3070 1159 3134 dili·

157 3160 301 3241 gentem3
320 3176 441 3240 omnes,
459 3154 515 3239 qui
529 3158 604 3220 ante
618 3159 651 3219 te
664 3154 804 3240 fuenmt,
822 3156 991 3239 praetores
1006 3155 1157 3222 dedantur

156 3243 368 3327 Mamertinis,
391 3242 478 3394 (ὲυοᾶ
495 3242 536 3307 iis
553 3264 670 3308 navem
689 3245 804 3308 contra
821 3242 1006 3327 pactionem
1023 3244 1156 3310 foederis

155 3333 513 3481 diiileTrddlrbiirenitanis
532 3418 612 3483 item
633 3417 810 3484 foederatis
832 3439 949 3484 navem
971 3419 1155 3506 imperasti?

155 3500 209 3564 An
240 3497 303 3562 boc
333 3501 503 3588 probabis,
534 3505 570 3569 in
602 3527 706 3590 aequa
737 3528 835 3572 causa
865 3508 1063 3594 populorum
1094 3510 1155 3576 sina

422 3331 591 3395 adtamen
612 3335 662 3415 tu,
685 3334 796 3396 sancte
818 3329 917 3396 homo
940 3353 979 3398 ac
1001 3333 1190 3436 religiosas
