2386 3938
262 160 356 218 mul
375 161 454 216 oAP.
469 167 573 216 er-ee
593 167 608 228 e
628 166 740 216 re-er.
992 163 1053 226 171

53 325 168 390 poenes
196 305 320 370 Romae
349 305 499 370 daturum
527 304 746 370 credidissent.
785 303 983 371 nuciculam
1007 330 1057 372 ec·

53 397 200 476 ceperant
217 393 380 478 iniurium,
403 414 501 477 quom
518 394 611 457 nulle
633 394 706 479 lege
729 393 811 459 setis
836 393 932 479 digne
949 417 1055 479 perse-

54 481 103 563 qui
119 485 264 564 possent,
282 485 394 546 temen
410 481 616 547 incommode
634 501 693 546 sue
711 482 834 547 nostris
852 482 1055 547 committere

54 569 174 654 legibus
194 573 228 634 et
247 569 373 634 iudiciis
395 569 619 654 quemdolori
642 590 701 636 suo
724 571 914 655 permittere
936 571 1056 636 mulne

34 662 129 722 ⁵runt.
170 657 224 723 Tu
241 657 331 742 mihi,
354 679 427 723 curn
449 659 677 724 circumsessus
702 680 721 723 e
743 663 813 724 tem
835 658 959 724 illustri
981 659 1056 724 civi·

53 749 113 810 tete
145 747 193 810 sis
225 751 362 831 propter
392 750 484 811 tuum
517 747 622 811 scelus
650 751 748 829 etque
773 747 950 832 flagitium,
983 769 1055 812 cum

54 835 193 920 coegeris
212 835 361 899 homines
380 835 515 900 miseros
539 837 572 898 et
595 835 805 900 celemitosos
829 835 922 920 quusi
946 836 1056 920 despe-

54 923 125 986 retis
143 923 270 988 nostris
289 923 416 1008 legibus
435 928 468 988 et
491 923 618 987 iudiciis
642 923 683 988 ed
704 923 780 1007 rim,
804 923 844 988 ed
867 946 991 1008 munus,
1015 923 1055 989 ed

54 1027 136 1075 erne
154 1011 341 1096 confugere,
364 1031 437 1076 cum
454 1014 488 1076 te
506 1012 542 1075 in
559 1011 687 1096 oppidis
710 1015 744 1075 et
766 1011 954 1076 civitatibus
979 1013 1056 1077 emi-

26 1115 155 1164 ucorum
189 1119 257 1164 non
287 1100 433 1185 legatum
463 1099 577 1184 populi
607 1099 760 1183 Romani,
793 1098 848 1163 sed
878 1103 1056 1184 tyrannum

55 1187 258 1253 libidinosum
275 1188 499 1272 crudelemque
517 1188 714 1272 praebueris,
733 1207 806 1252 cum
825 1187 911 1272 opud
929 1192 1056 1253 exterus

55 1277 196 1341 ustiones
210 1276 340 1361 imperii
353 1277 559 1360 nominisque
577 1277 683 1341 nostri
699 1275 823 1341 famem
841 1275 907 1340 tuis
925 1276 1055 1360 probris

57 1363 248 1451 flagitiisque
265 1364 409 1449 violeris,
432 1385 505 1430 cum
523 1369 557 1428 te
575 1363 719 1430 extorto
743 1364 920 1430 amicorum
943 1365 1057 1450 populi
1075 1423 1078 1428 .

57 1451 188 1518 umam
205 1453 362 1538 eripueris
385 1457 483 1537 etque
506 1473 545 1518 ex
567 1451 699 1518 flemme
722 1453 883 1519 sociorum
906 1453 1056 1537 eroleris,

32 1539 102 1604 ubic
129 1541 196 1606 tibi
222 1541 407 1627 perfugium
435 1557 545 1626 speres
573 1540 741 1606 futurum?
786 1539 900 1626 Errcs3
930 1545 967 1606 ut
994 1541 1057 1606 huc

58 1627 214 1714 incideres,
235 1650 303 1694 non
321 1633 357 1694 ut
375 1629 428 1695 hic
446 1629 697 1714 conquiesceres,
720 1629 822 1694 illito
841 1630 951 1696 vivum
970 1629 1057 1696 exire

60 1719 136 1799 pessi
159 1720 246 1782 sunt.
1066 1757 1109 1822 33

113 1805 160 1870 At
193 1805 242 1870 eis
272 1805 426 1871 iudicium
457 1823 527 1870 esse
557 1805 682 1870 fectum
713 1809 747 1869 te
776 1804 894 1868 iniuria
924 1804 1057 1869 circum·
1075 1833 1109 1882 33

61 1913 174 1959 sessum
192 1915 264 1959 esse
277 1893 458 1978 Lampsaci,
476 1893 562 1978 quod
575 1892 787 1957 Philodemus
806 1911 879 1957 cum
896 1890 965 1955 filio
985 1912 1057 1957 con-

34 1980 220 2048 ndcmnctus
248 1982 301 2047 sit.
342 1981 440 2065 Quid,
466 1981 495 2046 si
517 1982 629 2066 doceo,
658 1981 686 2046 si
708 1981 843 2065 plenum
864 1979 949 2045 fecio
971 1983 1057 2044 teste

62 2068 180 2136 homine
207 2084 362 2154 nequem,
388 2089 501 2136 verum
528 2070 570 2134 ed
596 2070 680 2136 hene
707 2087 776 2134 rem
803 2072 915 2134 temen
940 2067 1057 2134 idoneo

62 2193 96 2204 —
120 2163 153 2224 te
184 2160 271 2244 ipso,
301 2159 448 2243 inquam,
479 2162 563 2223 teste
591 2158 712 2224 docebo
740 2162 774 2222 te
802 2157 897 2222 huius
925 2157 1057 2223 circum-

64 2247 203 2312 sessionis
222 2250 298 2312 tuee
316 2267 448 2312 oensem
469 2250 502 2310 et
525 2246 661 2330 culpem
676 2247 712 2310 in
734 2245 816 2312 elios
839 2245 1056 2328 transtulisse,

63 2353 153 2419 neque
171 2336 207 2400 in
225 2355 289 2419 eos,
313 2355 394 2419 quos
411 2339 450 2399 tu
467 2334 676 2418 insimularis,
699 2355 769 2399 esse
788 2334 1057 2400 animadversum.

37 2420 122 2487 clm
142 2423 226 2488 nihil
248 2427 283 2487 te
305 2423 458 2488 iudicium
480 2420 620 2488 Neronis
644 2421 784 2488 adiuvet.
825 2422 952 2506 Recito,
976 2441 1056 2506 ques

65 2511 97 2574 ed
106 2510 266 2577 Neronem
281 2511 410 2576 litteras
425 2510 524 2575 misit.
551 2508 728 2576 Errsruns
742 2507 913 2577 &Verrius
927 2524 975 2575 An
989 2509 1057 2575 Nn-

64 2613 179 2664 couru.
212 2598 506 2664 Tnnmsmeonrs
521 2615 566 2662 nr
581 2598 783 2664 Tnnssrnus
801 2635 849 2665 -.
877 2597 1057 2663 Themiste-

66 2705 165 2769 gorsm
179 2691 214 2752 ct
227 2687 421 2753 Thessalum
436 2686 550 2752 scribis
564 2688 723 2772 populum
738 2687 926 2752 concitasse.
954 2685 1057 2760 Quem

24 2785 28 2802 ¹
65 2776 229 2860 populum?
261 2774 324 2851 Qui
340 2780 374 2840 te
392 2774 607 2860 circumsedit,
627 2775 734 2859 quite
752 2776 862 2840 sivum
880 2772 1057 2838 conburere

39 2869 185 2929 couneus
214 2867 273 2929 est.
318 2861 385 2930 Ubi
412 2863 472 2928 hos
499 2863 716 2948 persequeris,
743 2863 801 2928 nbi
828 2881 973 2944 accuses,
1000 2859 1058 2923 ubi

66 2948 193 3018 delendis
223 2953 274 3016 ius
301 2969 482 3036 nomenque
509 2951 633 3037 legati?
665 2952 700 3017 in
726 2949 911 3015 Philodami
937 2945 1056 3012 iudicio

12 3079 13 3082 =
66 3035 136 3104 dices
154 3041 188 3105 id
206 3041 337 3106 ectum‘?
369 3039 455 3106 Cedo
474 3039 556 3104 milri
573 3039 676 3124 ipsius
688 3037 802 3103 Verris
820 3035 1057 3120 testimonium3
1075 3047 1110 3096 84

13 3151 14 3190 3
66 3125 226 3213 rideamus,
249 3129 327 3212 quid
345 3127 430 3192 idem
448 3129 510 3192 iste
528 3128 655 3193 iuratus
676 3125 802 3191 dixerit.
834 3124 887 3189 ΑΒ
909 3141 1057 3192 rocosu-

13 3263 14 3268 ,
67 3229 145 3280 ronn
169 3232 329 3282 roseros
352 3225 548 3282 russonum
571 3229 609 3280 ne
632 3231 702 3280 noo
723 3229 858 3279 mortno
881 3230 954 3279 nou
975 3226 1057 3276 rnn-

12 3371 14 3374 .
42 3309 155 3381 beroni
179 3319 247 3370 smr
269 3321 307 3370 ru
329 3321 439 3370 numo
462 3317 560 3387 nssn,
588 3319 669 3368 cmo
693 3318 856 3368 senecen
880 3314 1057 3380 rnuanur.

12 3389 14 3478 ,
68 3387 253 3478 tetigitur
272 3397 307 3458 te
325 3393 416 3458 iuvet
433 3391 574 3457 Neronis
593 3390 755 3474 iudicium,
778 3389 855 3475 quid
872 3388 1058 3454 Philodami

12 3479 14 3552 l
70 3475 237 3546 lennatio?
277 3480 421 3566 Legatus
441 3501 513 3546 cum
533 3499 620 3542 esses
644 3479 886 3562 circumsessus,
910 3495 1055 3556 cumque,
1175 3451 1180 3488 i
