2438 3934
163 175 227 242 358
464 171 505 226 m
524 171 553 226 e.
569 169 722 227 vsussn
739 168 816 225 nor.
835 169 868 224 u.
942 183 945 192 ⁴

163 319 378 402 Sacerdotem,
391 339 494 402 neque
509 315 736 398 mentiebatur,
750 313 806 379 sed
820 313 932 378 eadem
946 310 1162 378 aestimatione
1210 315 1211 346 ³

164 409 247 474 alter
276 407 464 472 sublevarat
492 408 651 486 aratores,
684 404 768 468 alter
795 404 966 468 everterat.
1016 398 1163 477 Quodnisi

164 496 269 562 omnis
295 494 452 562 frumenti
473 493 558 559 ratio
582 514 622 558 ex
644 490 846 575 temporibus
869 492 957 554 esset
979 492 1012 556 et
1035 509 1164 571 annona,
1210 573 1211 580 ἵ

162 607 229 650 non
254 606 294 649 ex
315 603 449 649 numero
472 583 575 665 neque
599 601 637 646 ex
660 600 786 644 summa
809 577 1056 660 consideranda,
1081 597 1165 640 uum·
1210 585 1211 660 ξ

164 694 262 757 quarn
279 676 350 737 tam
373 670 459 757 grati
481 670 516 734 bi
540 667 758 752 sesquimodii,
781 665 817 744 Q.
835 665 1003 750 Hortensi,
1024 665 1186 748 bussents

164 781 244 846 quos
286 762 326 824 tu
359 781 432 824 cum
465 758 506 824 ad
537 778 706 822 mensurae
737 759 805 821 tam
833 754 985 842 exiguam
1011 754 1165 819 rationem

163 848 285 934 populo
311 845 459 913 Romano
486 846 521 910 in
549 846 658 930 capita
686 842 918 929 discripsisses,
948 843 1166 930 gratissimum

164 935 313 1001 omnibus
326 934 448 1018 fecisti3
467 934 586 1001 caritas
602 933 687 999 enim
701 953 847 1000 annonae
861 932 1011 1015 faciebat,
1025 934 1064 996 ut
1075 929 1166 1012 istud,

165 1023 251 1108 quod
273 1045 308 1089 re
330 1045 466 1109 parvum
489 1022 629 1106 videtur,
652 1025 798 1105 tempore
821 1041 978 1107 maguum
1000 1019 1166 1084 videretur.

163 1112 254 1177 Idem
280 1112 365 1178 istuc
393 1112 420 1176 si
447 1111 482 1176 in
508 1110 636 1176 vilitate
663 1109 784 1194 populo
807 1108 955 1174 Romano
978 1107 1096 1194 largiri
1116 1129 1167 1173 vo
1178 1125 1197 1164 1⁰

164 1202 295 1284 luisses,
328 1199 470 1265 derisum
501 1203 594 1265 tuum
626 1197 817 1263 beneficium
850 1201 936 1262 esset
968 1200 1067 1282 atque
1099 1216 1167 1262 con·
1210 1199 1211 1248 f

112 1293 429 1473 31⁹³,temlddli1igitur
447 1377 552 1443 dicere
575 1377 676 1442 istum
697 1376 783 1443 idem
805 1377 930 1462 fecisse,
953 1377 1040 1462 quod
1062 1375 1167 1442 Sacer·

165 1465 287 1549 dotem,
324 1465 477 1549 quoniam
512 1487 579 1531 non
614 1465 726 1530 eodem
758 1470 904 1551 tempore
935 1487 1040 1551 neque
1073 1465 1170 1530 simili

163 1552 242 1618 fecit
265 1574 405 1637 annona,
433 1553 531 1619 dicito
554 1554 678 1639 potius,
707 1554 859 1638 quoniam
882 1553 983 1620 habes
1007 1557 1169 1620 auctorem
1180 1567 1211 1616 1⁵l

163 1642 325 1726 idoneum,
348 1641 433 1727 quod
444 1642 609 1707 Antonius
628 1662 691 1707 uno
711 1641 851 1708 adventu
870 1646 903 1707 et
920 1641 975 1708 vix
997 1642 1168 1708 menstruis

164 1730 295 1796 cibariis
309 1730 431 1815 feeerit,
448 1730 482 1797 id
495 1730 594 1796 istum
612 1751 671 1815 per
688 1730 864 1795 triennium
882 1729 1006 1814 fecisse,
1026 1735 1061 1796 et
1077 1730 1168 1796 istius

163 1818 382 1884 innocentiam
404 1817 447 1883 M.
466 1817 591 1885 Antoni
616 1817 704 1885 facto
729 1821 826 1902 atque
849 1819 1044 1884 auctoritate
1068 1819 1169 1884 defen·
1210 1825 1211 1846 ¹

165 1907 242 1972 dito.
282 1905 369 1972 Nam
388 1907 427 1971 de
446 1904 516 1972 Sex.
531 1906 659 1991 quidem
677 1905 853 1991 Peducaeo,
874 1906 1056 1973 fortissimo
1075 1913 1169 1992 atque

164 1994 428 2061 innocentissimo
455 1995 540 2078 viro,
570 1995 648 2079 quid
675 1994 810 2060 dicetis?
847 1995 885 2060 de
913 2017 977 2079 quo
1004 1996 1078 2080 quis
1107 2011 1201 2061 uma

165 2104 262 2166 quarn
276 2086 386 2147 arator
405 2086 538 2165 questus
558 2084 630 2148 est?
654 2086 710 2148 aut
729 2084 800 2167 quis
819 2105 885 2149 non
903 2083 945 2148 ad
963 2083 1025 2150 boc
1043 2089 1168 2170 tempus

163 2170 462 2243 innocentissimam
491 2170 636 2235 omnium
666 2171 1014 2258 diligentissimamque
1044 2177 1168 2257 praetu-

163 2279 234 2321 ram
261 2257 350 2322 illius
378 2256 519 2322 hominis
546 2258 733 2325 existimat?
774 2259 945 2325 Biennium
970 2261 1168 2345 provinciam

87 2361 88 2366 ’
164 2344 314 2410 obtinuit.
351 2343 432 2410 Cum
451 2345 535 2411 altor
553 2368 655 2413 annus
674 2347 709 2412 in
727 2348 864 2432 vilitate,
887 2349 971 2414 alter
989 2349 1025 2413 in
1045 2371 1167 2415 summa

163 2434 299 2500 caritate
325 2433 438 2518 fuerit,
465 2456 543 2500 num
570 2439 627 2501 aut
653 2436 688 2501 in
714 2435 843 2501 vilitate
869 2457 1039 2502 nummum
1061 2443 1198 2505 amare

164 2522 335 2608 quisquam
364 2523 452 2588 dedit
479 2528 536 2589 aut
562 2524 597 2588 in
624 2524 760 2590 caritate
788 2525 826 2589 de
854 2525 1083 2592 aestimatione
1109 2527 1167 2592 fru-

163 2611 265 2676 menti
297 2603 430 2696 questus
463 2611 535 2678 est?
580 2611 627 2676 At
654 2612 804 2678 uberiora
832 2611 954 2678 cibaria
979 2614 1069 2681 facta
1098 2619 1167 2680 suut

163 2700 307 2765 caritate.
348 2697 466 2784 Ored03
488 2721 592 2784 neque
610 2699 644 2764 id
662 2704 712 2765 est
729 2722 850 2766 norum
872 2723 977 2786 nequo
998 2703 1167 2790 reprehen-

109 2795 160 2847 21‘1
181 2787 327 2855 dendum.
367 2786 466 2853 Modo
484 2786 518 2853 0.
538 2785 685 2854 Sentium
703 2788 852 2874 vidimus,
874 2788 1041 2857 hominem
1063 2796 1166 2858 vetere

100 2886 106 2898 '
161 2876 221 2942 illa
249 2898 286 2942 ac
315 2875 473 2962 singulari
499 2875 684 2942 innocentia
707 2877 904 2962 praeditum,
931 2884 1068 2964 propter
1091 2880 1197 2946 cari-³⁰

161 2968 265 3030 tatem
282 2964 447 3048 frumenti,
467 2985 548 3048 quae
566 2963 674 3030 fuerat
691 2964 727 3030 in
742 2964 940 3051 Macedonia,
957 2989 1165 3056 permagnum

162 3073 201 3116 ex
227 3053 358 3119 cibariis
385 3052 555 3137 pecuniam
583 3053 763 3137 deportare.
807 3051 911 3129 Quam
939 3055 982 3119 ob
1009 3077 1080 3122 rom
1106 3077 1166 3122 nou

162 3160 222 3225 ego
245 3141 374 3206 invideo
398 3140 575 3206 commodis
598 3140 678 3225 tuis,
703 3141 732 3206 si
755 3162 837 3225 quae
860 3143 901 3208 ad
923 3145 957 3208 te
981 3144 1054 3231 lege
1077 3166 1165 3210 vene·

160 3231 246 3311 runt,
259 3228 411 3295 iniuriam
426 3249 552 3314 queror,
568 3228 812 3315 improbitatem
826 3251 979 3317 coarguo,
998 3233 1164 3298 avaritiam

159 3314 194 3378 in
217 3315 338 3381 crimen
361 3317 450 3381 etin
473 3316 626 3382 iudicium
648 3338 737 3383 voco.
1174 3331 1196 3372 ⁸⁵

227 3401 349 3477 Quodsi
363 3404 562 3489 suspiciones
576 3406 693 3473 inicere
707 3406 816 3472 velitis
830 3407 872 3472 ad
889 3407 994 3492 pluris
1013 3408 1162 3490 homines,

161 3486 202 3552 ad
230 3488 333 3571 pluris
361 3491 544 3573 provincias
571 3494 692 3560 crimen
719 3495 781 3561 hoo
807 3496 984 3582 pertinere,
1015 3517 1161 3581 uorago
