2422 3952
144 93 189 156 40
313 91 385 146 PRO
404 91 480 145 SEX.
499 90 628 146 ROSCIO
651 89 821 144 AMEItINO
841 89 987 145 ORATIO.

144 237 179 302 in
206 257 328 322 magna
355 236 483 302 familia
508 236 565 319 qui
591 235 753 302 neminem
774 256 880 319 neque
903 257 1032 300 servum
1052 257 1152 320 neque

92 347 127 396 ae
146 324 301 390 libertum
328 324 515 410 improbum
541 324 671 389 babeat.
714 322 845 388 Interea
866 323 930 388 iste
953 323 990 389 Τ,
1013 322 1153 406 Roscius,

145 413 195 478 vir
225 413 383 498 optimus,
409 417 602 498 procurator
624 410 843 498 Chrysogoni,
871 411 1039 480 Ameriam
1060 413 1154 495 venit,

144 503 180 567 in
206 501 341 587 praedia
367 502 463 568 huius
490 501 630 585 invadit,
657 501 744 565 hune
771 500 939 584 miserum,
971 501 1062 565 luctu
1088 523 1153 585 per-

146 590 260 674 ditum,
283 590 338 674 qui
360 590 504 656 nondum
527 590 628 655 etiam
650 589 760 658 omnia
782 591 921 673 paterno
942 587 1050 654 funeri
1071 589 1175 654 iustas

146 679 308 761 solvisset,
329 679 452 743 nudum
475 678 551 743 eicit
573 677 668 744 domo
693 682 790 761 atque
808 676 890 742 focis
907 676 1027 762 patriis
1046 676 1154 761 disque

146 766 318 852 penatibus
336 766 557 850 praecipitem,
574 766 706 851 iudices,
724 765 886 849 exturbat,
908 765 979 849 ipse
999 765 1155 851 amplissi-

147 876 218 920 mae
255 857 410 939 pecuniae
443 855 483 919 fit
511 854 670 920 domiuus.
724 853 788 930 Qui
818 854 853 918 in
885 875 945 918 sua
976 875 1013 918 re
1043 853 1154 920 fnisset
1188 891 1189 936 ,

146 942 390 1029 egentissimus,
417 947 502 1026 erat,
530 948 567 1008 ut
593 943 646 1027 fit,
670 943 815 1008 insolens
842 943 878 1006 in
906 942 1028 1025 alieua3
1056 943 1155 1006 multa
1188 947 1189 1030 l

146 1033 257 1116 palam
280 1033 412 1099 domurn
440 1053 533 1098 suam
555 1031 737 1114 sufferebat,
761 1032 859 1115 plura
880 1030 966 1096 clam
990 1031 1030 1095 de
1053 1030 1153 1095 medio
1165 1047 1189 1120 10,

147 1121 345 1204 removebat,
366 1143 433 1186 non
455 1142 558 1206 pauca
577 1119 644 1184 suis
662 1119 865 1184 adiutoribus
885 1119 978 1204 large
997 1119 1154 1202 effuseque
1188 1165 1189 1206 ,

147 1208 300 1293 donabat,
323 1210 449 1294 reliqua
472 1209 652 1276 constituta
674 1207 824 1272 auctione
846 1206 1017 1272 vendebat.
1188 1271 1189 1288 ,

107 1281 129 1344 9
214 1296 306 1373 Quod
329 1298 494 1363 Amerinis
516 1318 619 1380 usque
641 1318 680 1362 eo
703 1296 810 1361 visum
833 1299 884 1361 est
909 1295 1095 1381 iudignum,
1122 1299 1155 1358 ut

94 1358 128 1406 ²⁴
148 1386 227 1450 urbe
261 1389 335 1450 tota
370 1385 465 1451 fletus
502 1385 706 1470 gemitusque
736 1385 838 1452 fieret.
886 1381 1020 1450 Etenim
1056 1385 1154 1450 multa
1188 1467 1189 1474 ἵ

147 1473 244 1536 simul
267 1477 343 1538 ante
366 1474 476 1538 oculos
498 1474 727 1556 versabantur,
757 1494 845 1538 mors
873 1471 1016 1536 hominis
1044 1472 1189 1548 floren-1⁵,

123 1560 266 1624 tissimi
276 1558 347 1624 Sex.
355 1559 453 1629 Rosci
462 1560 694 1645 crudelissima,
702 1561 763 1626 filii
772 1565 881 1626 autem
893 1561 961 1626 eius
973 1565 1100 1646 egestae
1111 1561 1153 1624 in-
1188 1557 1189 1564 '

148 1648 348 1734 dignissima,
366 1649 418 1714 cui
431 1649 470 1714 de
483 1653 578 1714 tanto
591 1650 789 1734 patrimonio
803 1649 923 1734 praedo
937 1649 1000 1714 iste
1013 1648 1152 1714 nefarius
1188 1643 1189 1716 J

145 1759 187 1802 ne
218 1737 281 1802 iter
313 1738 443 1822 quidem
476 1739 517 1804 ad
547 1739 755 1823 sepulchrum
786 1738 930 1822 patrium
961 1737 1154 1823 reliquisset,

147 1826 306 1893 bonorum
329 1827 450 1912 emptio
474 1827 651 1912 flagitiosa,
678 1827 856 1912 possessio,
883 1825 986 1909 furta,
1014 1826 1152 1910 rapinae,
1188 1895 1189 1908 χ

148 1913 346 1982 donationes.
373 1914 479 1982 Nemo
493 1920 573 1999 erat,
587 1917 643 1999 qui
655 1937 723 1982 non
732 1915 844 1980 ardere
857 1915 915 1980 illo
924 1914 1035 1980 omnia
1044 1914 1153 1980 mallet
1165 1911 1189 1978 2⁰]

146 2024 245 2085 quam
271 2005 380 2068 videre
407 2004 443 2068 in
465 2001 535 2068 Sex.
563 2003 674 2084 Rosci,
700 2002 763 2069 viri
791 2003 907 2088 optimi
934 2006 1034 2087 atque
1061 2002 1153 2067 bone

147 2091 297 2174 atissimi,
329 2090 424 2156 bonis
447 2091 621 2157 iactantem
654 2115 689 2158 se
716 2114 754 2157 ac
780 2091 1002 2158 dominantem
1030 2089 1067 2156 Τ.
1095 2090 1153 2154 aa
1188 2147 1189 2158 ,

94 2201 129 2250 25
148 2177 258 2241 scium.
312 2176 428 2262 Itaque
459 2179 666 2246 decurionum
698 2180 862 2246 deoretum
891 2179 1005 2244 statim
1037 2180 1090 2262 fit,
1118 2181 1153 2241 ut
1188 2165 1189 2240 Ϊ

147 2265 257 2330 decem
282 2266 381 2351 primi
407 2267 654 2351 proficiscantur
680 2269 723 2334 ad
744 2267 780 2335 L.
803 2266 928 2333 Sullam
957 2267 1152 2350 doceantque

147 2375 229 2438 eum,
252 2354 308 2438 qui
324 2355 376 2419 vir
389 2353 460 2420 Sex.
473 2355 610 2423 Roscius
627 2356 740 2440 fauerit,
762 2360 1002 2441 conquerantur
1019 2356 1060 2420 de
1077 2355 1151 2418 isto·
1162 2365 1183 2406 2⁵

146 2463 219 2506 rum
233 2443 352 2507 scelere
365 2448 398 2509 et
411 2443 548 2528 iniuriis,
566 2449 670 2528 orent,
688 2448 726 2509 ut
740 2447 773 2510 et
786 2445 876 2520 illius
894 2444 1016 2509 mortui
1034 2445 1151 2508 famam

147 2534 181 2595 et
206 2530 267 2595 filii
293 2531 475 2598 innocentis
502 2532 652 2598 fortunas
681 2537 889 2598 conservatas
912 2532 1002 2597 velit
1048 2532 1151 2615 Atque

146 2619 254 2704 ipsum
281 2619 458 2703 decretum,
486 2642 620 2705 quaeso,
645 2621 839 2708 cognoscite.
884 2637 1074 2686 necessum
1096 2637 1151 2684 nn

147 2725 335 2774 admonuit.
389 2708 507 2796 Legati
542 2709 577 2774 in
595 2713 717 2775 'castra
747 2709 889 2775 ueniunt.
938 2707 1057 2774 Intelle
1084 2709 1151 2788 tur,

146 2796 279 2881 iudices,
307 2797 342 2860 id
371 2798 458 2883 quod
484 2797 551 2862 iam
574 2802 649 2864 ante
673 2798 752 2881 dixi,
778 2796 983 2882 imprudente
1005 2795 1041 2860 L.
1087 2796 1184 2862 ullae

146 2886 269 2950 scelera
286 2886 366 2952 haec
385 2891 418 2952 et
436 2886 564 2972 flagitia
581 2887 661 2952 fieri.
696 2885 784 2952 Nam
798 2886 911 2951 statim
925 2884 1151 2971 Chrysogonus

146 2973 267 3056 etipse
286 2974 327 3039 ad
345 2996 401 3040 eos
420 2973 543 3040 accedit
561 2979 594 3040 et
611 2975 759 3040 homines
781 2974 910 3039 nobiles
932 2974 1058 3059 allegat
1080 2973 1153 3053 [iis],

146 3059 202 3141 qui
220 3063 377 3147 peterent,
395 3085 436 3129 ne
455 3063 497 3128 ad
510 3060 637 3129 Sullam
651 3064 786 3146 adirent,
805 3067 837 3128 et
851 3062 961 3128 omnia
975 3059 1102 3144 Chryso
1126 3083 1152 3124 o

92 3166 127 3217 as
144 3167 236 3228 num,
265 3169 346 3230 quae
369 3153 505 3234 vellent,
533 3173 604 3217 esse
626 3151 788 3216 facturum
810 3151 1050 3236 pollicerentur.
1093 3082 1151 3214 ds·

146 3235 910 3394 ael‘’usaslltlaurtlns
928 3239 1182 3391 nollens

146 3429 184 3474 ex
207 3430 266 3472 sua
288 3395 548 3493 natura‘veeteros
572 3379 747 3500 fingerent,
775 3437 848 3482 cum
870 3417 926 3482 ille
949 3348 1151 3480 conbudraiet
