2402 3936
161 144 226 210 276
462 142 503 198 uu
521 143 551 198 o.
564 141 719 198 vuuuuu
737 143 816 197 eeu.
834 143 868 197 11.

161 287 257 354 modo
284 288 358 374 lege
383 309 482 372 nora,
508 285 566 352 sed
587 307 627 352 ne
649 286 782 352 nomine
803 286 935 372 quidem
958 285 1043 372 legia
1065 307 1168 352 novae

110 391 143 442 15
162 377 367 444 commoveri.
414 374 530 460 Itaque
563 374 712 456 decumas
739 375 813 460 lege
839 373 1017 440 Hieronica
1044 395 1170 459 semper

161 464 348 531 vendundas
372 467 577 547 censuerunt,
602 466 639 528 ut
660 463 702 528 iis
725 462 894 528 iucundior
911 465 1005 528 esset
1028 463 1170 528 muueris

161 554 251 619 illius
269 553 402 637 functio,
421 552 449 617 si
467 551 537 617 eius
554 551 651 638 regis,
672 551 731 635 qui
749 548 867 616 Siculis
886 550 1077 616 carissimus
1100 550 1171 632 brit,

162 664 228 708 non
247 642 353 707 solum
370 640 523 705 instituta
542 642 741 705 commutato
764 637 912 723 imperio,
933 659 1050 704 rerum
1073 639 1193 704 etiams

162 751 281 796 nomen
312 731 466 793 maneret.
514 726 586 793 Hoc
611 727 686 792 iure
719 730 794 792 ente
818 725 956 791 Verrem
987 731 1172 812 praetorem

164 817 264 884 Siculi
282 837 409 901 semper
430 816 483 880 usi
505 819 594 899 sunt3
616 814 669 880 hic
691 815 816 900 primus
838 814 995 880 metibuta
1018 816 1172 898 omnium,

163 904 427 971 consuetudinem
442 926 462 968 a
475 903 651 968 maioribus
669 903 835 987 traditam,
853 902 1080 969 condicionem
1098 904 1173 969 ami·

163 993 269 1078 eitiue,
286 993 336 1057 ius
352 992 518 1058 societatis
532 992 713 1057 convellere
727 994 760 1056 et
776 994 978 1057 commutare
995 1012 1098 1057 ausus
1118 995 1173 1056 est

126 1065 143 1126 'l
230 1080 302 1158 Qua
319 1081 355 1145 in
372 1102 407 1145 re
425 1079 566 1166 primum
583 1078 665 1144 illud
686 1078 887 1164 reprehendo
910 1082 945 1145 et
968 1101 1099 1164 accuso,
1120 1101 1196 1146 curu

112 1141 145 1191 ¹⁶
164 1169 200 1234 in
221 1191 256 1233 re
278 1173 349 1234 tam
371 1174 493 1252 vetere,
515 1171 585 1233 tam
606 1167 730 1232 usitata
753 1167 926 1252 quicquam
948 1167 1028 1234 novi
1048 1168 1172 1234 feceris.

163 1257 299 1343 Ingenio
333 1256 457 1342 aliquid
488 1255 658 1322 adsecutus
690 1255 748 1320 es?
784 1258 835 1320 tot
865 1255 1018 1322 homines
1049 1257 1172 1342 sapien-

163 1345 309 1411 tissimos
332 1349 366 1410 et
388 1343 599 1428 clarissimos,
622 1343 677 1427 qui
699 1343 793 1408 illem
816 1343 1019 1429 prouineiam
1041 1348 1122 1410 ante
1144 1349 1173 1408 te

163 1436 351 1516 tenuerunt,
380 1432 551 1517 prudentia
574 1430 776 1515 consilioque
803 1430 933 1497 vicisti?
980 1432 1045 1498 Est
1071 1437 1172 1512 tuum,

164 1523 216 1584 eat
241 1519 365 1605 ingenii
391 1519 643 1606 diligentiaeque
669 1523 759 1603 tuae3
791 1518 832 1584 do
858 1519 922 1585 hoc
948 1520 1013 1586 tibi
1039 1524 1075 1586 st
1103 1541 1196 1587 oon-e

164 1606 251 1673 oedo.
292 1604 365 1672 Scio
388 1610 422 1672 te
444 1607 581 1690 Romae,
607 1629 681 1673 cum
702 1611 835 1692 praetor
858 1629 960 1692 esses,
986 1608 1094 1674 edicto
1118 1615 1171 1674 tuo

163 1695 386 1782 possessiones
399 1695 618 1760 hereditatum
636 1717 657 1761 a
674 1695 785 1775 liberis
805 1694 847 1760 ad
863 1695 1000 1780 alienos,
1019 1719 1041 1761 a
1056 1697 1170 1781 primis

164 1783 336 1850 heredibus
364 1783 405 1848 ad
430 1784 600 1866 secundos,
627 1805 647 1848 a
670 1783 798 1868 legibus
822 1782 863 1847 ed
885 1782 1058 1849 libidinem
1080 1789 1170 1850 tuam

164 1872 387 1956 transtulisse;
415 1872 481 1937 scio
508 1875 542 1936 te
566 1871 674 1936 edicta
701 1870 903 1956 superiorum
931 1872 1079 1938 omnium
1105 1895 1170 1939 cor-
1195 1865 1196 1945 l

164 1961 285 2027 rexisse
302 1964 335 2026 et
352 1959 573 2044 possessiones
590 1959 809 2025 hereditatum
826 1980 893 2024 non
911 1959 1090 2026 seeundum
1109 1981 1195 2041 eosu

165 2048 220 2131 qui
240 2046 437 2130 proferrent,
458 2045 515 2111 sed
538 2047 713 2112 secundum
736 2068 805 2131 eos,
828 2047 884 2130 qui
906 2047 1052 2113 dicerent
1071 2052 1171 2114 testa·
1194 2111 1195 2118 ,

164 2138 309 2197 mentum
340 2132 476 2216 factum,
508 2132 646 2216 dedisse;
678 2155 797 2219 easque
828 2156 880 2199 res
911 2157 1015 2201 novas
1049 2136 1109 2201 abs
1139 2129 1195 2200 tel

163 2220 310 2303 prolatas
336 2223 370 2283 et
391 2219 540 2284 inventas
563 2241 683 2306 magno
705 2223 769 2287 tibi
791 2223 942 2306 quaestui
962 2223 1065 2290 fuisse
1089 2225 1169 2304 soio;

163 2305 363 2390 eundemque
381 2310 414 2371 te
433 2307 565 2372 memini
583 2309 746 2376 censorias
764 2331 892 2394 quoque
909 2311 1001 2398 leges
1019 2311 1056 2376 in
1072 2313 1169 2377 sartis
1193 2371 1194 2384 ,

164 2394 259 2460 tectis
278 2395 444 2482 exigendis
462 2396 580 2462 tollere
598 2401 632 2462 et
650 2402 859 2483 commutare,
880 2419 921 2464 ne
939 2399 969 2463 is
989 2387 1194 2482 redimeretd

163 2483 236 2550 cuia
262 2504 315 2548 res
342 2488 442 2570 esset,
469 2506 510 2549 ne
535 2485 662 2572 pupillo
685 2489 812 2552 tutores
834 2487 1074 2572 propinquique
1098 2511 1169 2554 eon·

164 2573 321 2656 subirent,
359 2595 422 2656 quo
458 2573 564 2638 minus
599 2573 740 2639 fortunis
774 2575 925 2640 omnibus
958 2580 1169 2658 everteretur3

164 2661 314 2747 exiguam
335 2660 418 2726 diem
436 2661 607 2746 praefinire
626 2662 725 2747 operi,
747 2684 812 2746 qua
829 2667 953 2728 ceteros
969 2665 1015 2728 ab
1037 2666 1168 2751 negotio
1192 2640 1193 2704 l

164 2748 359 2832 excluderes,
376 2749 446 2833 ipse
459 2749 494 2812 in
507 2752 565 2815 tuo
579 2749 783 2834 redemptore
799 2751 925 2816 nullam
943 2755 1068 2818 eertum
1086 2753 1168 2818 diem

113 2848 145 2898 1⁷
165 2838 362 2904 observares.
412 2835 516 2912 Quam
548 2837 590 2903 ob
619 2859 687 2905 rem
716 2860 836 2904 novam
862 2839 970 2925 legem
997 2844 1032 2905 te
1059 2840 1095 2906 in
1123 2842 1192 2957 deq

164 2925 266 2992 cumis
293 2924 447 2990 statuisse
470 2947 536 2990 non
558 2927 673 3011 miror,
699 2925 863 2992 hominem
885 2927 919 2992 in
943 2927 1058 2994 edictis
1080 2953 1168 3014 prac-

164 3013 267 3095 toriis‚
290 3013 325 3077 in
347 3013 501 3079 censoriis
525 3013 653 3101 legibus
675 3017 745 3080 tam
767 3015 967 3101 prudentem,
990 3021 1061 3082 tarn
1082 3040 1168 3084 exer·
1190 3027 1191 3060 ἒ

164 3099 313 3183 citetum3
341 3123 420 3186 nou,
446 3101 593 3186 inquam,
619 3103 721 3168 miror
747 3107 780 3168 te
808 3103 931 3188 aliquid
959 3106 1167 3192 excogitasse,
1190 3147 1191 3209 q

165 3186 221 3251 sed
240 3187 325 3269 quod
347 3193 405 3254 tua
428 3194 544 3275 sponte
565 3189 690 3257 iniussu
713 3191 827 3276 populi
850 3192 920 3256 sine
942 3198 1075 3260 senatus
1090 3213 1168 3262 auc·

164 3274 298 3338 toritate
325 3275 397 3340 iura
424 3278 609 3362 provinciae
632 3277 761 3345 Siciliae
788 3281 978 3366 mutaveris,
1006 3281 1040 3347 id
1064 3305 1168 3370 repre·

113 3368 145 3417 18
164 3357 283 3443 hendo,
305 3361 339 3424 id
361 3384 485 3430 accuso.
525 3365 561 3430 L.
580 3365 716 3433 Octavio
739 3371 773 3432 et
790 3365 825 3433 0.
844 3366 960 3434 Cottae
983 3373 1165 3438 consulibus

165 3447 295 3507 senatus
322 3449 484 3534 permisit,
510 3456 549 3516 ut
575 3454 643 3519 vini
668 3460 702 3521 et
724 3455 786 3520 olei
809 3456 959 3523 decumas
983 3463 1016 3523 et
1038 3460 1166 3547 frugum
1188 3479 1189 3488 ¹
