2422 3952
163 161 206 227 32
260 161 331 218 PRO
350 162 380 216 P.
400 161 573 228 QUINGTIO
591 159 736 220 ORATlO.
773 161 851 217 CAP.
871 168 904 218 31
924 168 1074 229 §ar-99.

162 328 294 372 manum
330 305 510 391 prehendit.
538 305 571 370 in
595 305 862 390 propinquorum
900 307 995 372 bonis
1035 309 1178 393 proscri-

161 394 275 461 bendis
303 395 527 478 exercitatam,
554 394 740 460 'obsecravit
761 414 820 480 per
841 394 955 459 fratris
978 394 1030 460 sui
1052 399 1179 462 mortni

162 484 315 567 cinerem,
345 505 404 567 per
433 502 553 550 nomen·
583 482 853 572 propinquitatis,
884 504 942 567 per
964 483 1070 568 ipsius
1100 507 1179 550 eon-

162 573 271 658 iugem
299 576 332 638 et
360 571 509 646 liberos,.
527 570 644 654 quibus
667 571 805 657 propior
831 570 866 636 P.
892 569 1046 646 Quinctio
1079 594 1179 638 nemo

162 662 226 744 est,
262 663 299 724 ut
333 659 506 742 aliquando
519 659 797 742 ·‘.rnis'eritardiam
837 662 982 744 caperet,
1019 660 1180 746 aliquam,

163 748 198 900 {l
213 743 627 900 ”rimulttlullllul
645 747 877 900 rtrlrrn
891 747 1180 903 utiliter

163 924 292 1008 integra
315 943 373 988 sua
395 922 485 988 fama
508 923 667 1006 qualibet,
698 885 870 989 dumniodo
893 924 1078 1010 tolerabili,
1102 861 1180 992 ion-

110 1018 143 1068 98
163 1011 286 1078 dieione
314 1011 521 1096 transigeret.
569 1010 623 1075 Ab
649 1011 723 1096 ipso
750 1012 951 1098 repudiatus,
984 1013 1027 1077 ab
1062 1016 1179 1080 amicis

49 1103 52 1110 '
163 1099 231 1165 eius
264 1120 331 1165 non
364 1100 566 1182 sublevatus,
600 1099 642 1164 ab
677 1100 765 1164 omni
798 1097 993 1186 magistratu
1028 1103 1201 1189 agitatusr

163 1192 260 1272 atque
292 1188 499 1273 perterritus,
530 1209 625 1272 qnam
657 1192 787 1272 praeter
818 1193 851 1254 ta
883 1190 1042 1276 appellet,
1075 1191 1179 1257 habet

161 1275 337 1360 neminem;
364 1277 427 1341 tibi
453 1297 500 1360 se,
531 1277 594 1340 tibi
621 1298 695 1341 suas
724 1297 836 1342 omnes
859 1297 937 1362 opes
959 1278 1179 1366 fortunasque

162 1365 381 1448 oommendat,
413 1364 474 1429 tibi
509 1364 686 1430 committit
714 1365 988 1431 existimationem
1016 1389 1055 1434 ae
1085 1391 1178 1454 spem

162 1454 306 1537 reliquae
333 1452 428 1518 vitae.
473 1451 588 1517 Multis
614 1457 749 1519 vexatus
773 1455 992 1537 contumeliis,
1021 1457 1177 1540 plurimis

161 1541 301 1625 iactatus
324 1538 450 1605 iniuriis
472 1560 538 1604 non
561 1541 666 1626 turpis
690 1541 730 1606 ad
754 1546 795 1626 te,
819 1543 875 1607 sed
893 1543 993 1608 miser
1010 1545 1200 1632 confugit31

162 1627 295 1694 efundo
310 1627 518 1694 ornatissimo
533 1628 663 1712 eiectus,
680 1630 870 1716 ignominiis
883 1631 1035 1697 omnibus
1050 1635 1179 1719 appeti·

162 1721 225 1800 tus,
243 1716 428 1782 camillum
446 1717 481 1781 in
499 1717 566 1781 suis
584 1719 731 1802 paternis
749 1719 844 1783 bonis
863 1720 1024 1786 dominari
1039 1722 1179 1806 videret,

161 1805 231 1890 ipse
259 1805 346 1872 filiae
373 1804 479 1871 nubili
510 1805 618 1871 dotem
651 1806 806 1873 conficere
837 1829 903 1872 non
935 1813 1061 1894 posset,
1092 1811 1178 1876 nihil

162 1895 302 1960 alienum
325 1898 437 1960 tamen
459 1895 528 1959 rita
551 1894 714 1978 superiore
737 1896 908 1961 commisit.

109 1985 143 2035 99
227 1982 343 2067 Itaque
365 1982 427 2047 hoo
447 1986 481 2046 te
499 1982 657 2064 obsecrat,
680 1981 714 2049 0.
731 1983 854 2068 Aquili,
876 1988 923 2069 ut,
944 2007 1045 2070 qnam
1064 1989 1196 2052 existi-

161 2071 352 2154 mationem,
375 2091 472 2154 quam
494 2069 700 2136 honestatem
722 2072 1048 2160 iniudioiumtunm
1071 2097 1178 2162 prope

162 2161 235 2222 aeta
265 2158 332 2222 iam
364 2161 472 2222 aetate
505 2157 700 2243 decursaque
739 2161 865 2246 attulit,
901 2183 974 2227 eam
1012 2162 1115 2228 lioeat
1149 2165 1179 2230 ei

162 2266 269 2310 seeum
288 2266 328 2309 ex
345 2244 408 2310 hoe
426 2246 497 2311 loeo
516 2246 637 2330 efferre,
658 2269 699 2312 ne
713 2249 755 2331 is,
778 2249 816 2314 de
834 2250 924 2316 ouius
947 2249 1055 2317 officio
1077 2273 1178 2318 nemo

161 2355 315 2418 umquam
337 2332 506 2416 dubitavit,
529 2336 731 2422 sexagesimo
750 2337 885 2423 denique
904 2359 989 2404 anno
1009 2338 1177 2424 dedecore,

161 2421 288 2486 macula
310 2421 563 2507 turpissimaque
583 2423 763 2510 ignominia
779 2430 920 2511 notetur,
942 2447 983 2492 ne
1002 2449 1176 2496 ornamen·
1192 2464 1203 2485 a

161 2508 205 2574 tis
232 2509 301 2574 eius
329 2510 478 2577 omnibus
507 2511 577 2576 Sex.
604 2511 747 2577 Naevius
774 2534 834 2598 pro
862 2515 976 2599 spoliis
1007 2517 1177 2603 abutatur,

160 2619 201 2664 ne
223 2619 282 2684 per
305 2601 343 2664 te
360 2599 428 2682 fiat,
451 2621 514 2684 quo
537 2600 653 2685 minus,
677 2621 759 2688 quae
781 2601 1175 2681 existimationem

161 2687 244 2752 tium
266 2709 368 2772 usque
391 2688 431 2752 ad
455 2691 653 2754 senectutem
676 2689 840 2774 produxit,
868 2691 981 2757 eadem
1004 2715 1110 2779 usque
1135 2696 1176 2761 ad

160 2797 277 2863 rogum
300 2779 523 2862 prosequatur.
569 2857 574 2868 1

560 3093 749 3104 ——21-0—
753 3093 772 3103 -
