2402 3936
291 157 357 216 LIB.
376 159 403 215 II
433 159 510 215 OAP.
529 165 634 216 oo-oe
653 165 668 225 ξ
689 165 838 218 rso-144.
998 163 1063 229 251

56 302 164 386 nium3
181 302 285 368 sihoo
297 301 472 370 intervallo
489 323 556 370 non
574 305 820 389 oonsimipserit,
838 307 909 372 tum
926 306 1064 392 denique

58 413 175 458 nomen
197 390 266 458 eius
290 391 330 456 de
351 391 496 474 pecuniis
517 391 705 476 repetundis
728 397 912 461 statuorum
933 395 1064 460 nomine

58 479 246 546 deferemus.
287 478 374 546 Reus
393 483 444 546 cst
467 481 616 549 maximis
639 479 853 565 plurimisque
875 481 1063 548 criminibus

58 568 90 632 in
115 567 273 638 iudicium
298 571 447 652 vocatis3
473 566 530 634 HS
556 567 677 636 viciens
704 591 743 636 cx
769 569 831 636 hoc
857 591 922 636 uno
946 591 1063 657 genere

36 660 189 741 coaptum
215 656 371 721 videmus.
417 653 452 721 Si
474 657 706 726 condemnatus
729 657 807 742 sris,
833 679 912 743 non,
939 658 1064 742 opinor,

57 744 88 810 id
114 765 209 830 eges,
237 748 274 808 ut
300 744 366 812 iste
391 744 527 828 pecunia
552 745 588 813 in
615 746 832 831 qumquennio
856 751 1064 816 consumatur

57 833 89 898 in
113 832 252 915 statuum
280 832 332 900 sin
358 832 530 900 absolutus
557 834 634 917 eris,
660 835 735 920 quis
762 836 825 902 erit
849 840 920 903 tam
943 857 1064 920 amens,

59 921 110 1005 qui
128 925 163 986 te
183 942 223 989 ex
240 923 293 984 tot
310 921 476 1006 tantisque
495 922 684 990 criminibus
702 925 851 1008 elapsum
871 928 948 1008 post
971 924 1063 1009 quin-

58 1009 232 1093 quennium
254 1012 437 1079 statuarum
459 1011 591 1080 nomine
613 1011 778 1078 arcessat?
817 1011 883 1096 Ito,
909 1013 1063 1097 sineque

28 1097 160 1163 oadhue
187 1101 381 1182 consumpto
408 1101 459 1167 est
483 1098 548 1167 ista
571 1101 706 1184 pecunia
729 1103 762 1164 et
785 1103 836 1166 est
857 1101 1063 1184 perspicuum

58 1207 119 1252 non
137 1189 369 1338 eroiitsumptum
387 1186 437 1270 iri,
460 1186 621 1340 lictetiian
628 1188 874 1342 Ιίῖιὲὲοίζεςωηε
895 1188 1064 1341 irlrlventam

59 1295 579 1516 Qerengrilceilliidtriiugieceepeiii
597 1367 635 1516 ft
651 1298 829 1517 petgiitfflslis
843 1298 906 1518 {dc
928 1297 1062 1467 pcvssrip

59 1472 103 1516 err
145 1472 280 1535 compro
305 1473 408 1534 anm,
436 1472 534 1535 quom
556 1473 652 1516 coen
688 1475 742 1518 ma
810 1474 825 1517 s
872 1474 911 1519 oc
931 1475 1063 1519 nomme

29 1539 209 1623 opocunias
237 1559 351 1624 capere
373 1540 514 1624 possint3
541 1544 579 1606 ut
601 1539 666 1606 iam
688 1473 856 1608 vidgalnarur
876 1563 943 1607 non
966 1564 986 1607 a
1007 1563 1063 1627 pe·

59 1627 158 1694 cuniis
182 1627 349 1712 capiundis
372 1627 520 1700 homines
542 1628 734 1712 absterrere,
759 1629 824 1713 sed,
847 1652 920 1695 cum
943 1651 1063 1715 genera

60 1715 216 1798 quaedam
228 1716 436 1800 pecuniarum
451 1715 682 1802 capiendarum
700 1717 988 1802 comprobarimuo²
1006 1716 1063 1781 ho·

60 1807 149 1870 nesta
175 1803 309 1872 nomina
334 1804 533 1888 turpissimis
560 1805 657 1870 rebus
683 1804 858 1888 imponere.
903 1804 1044 1886 Etenim,
1065 1817 1115 1866 143

62 1892 87 1956 si
104 1889 139 1956 G.
147 1889 269 1958 Verres
286 1889 342 1960 HS
360 1893 387 1956 E
404 1893 562 1976 populum
579 1891 672 1959 verbi
690 1891 797 1978 gratie
815 1891 1062 1975 Centuripinum

31 1980 260 2064 spopondunt
282 2001 418 2064 eamque
440 1981 481 2046 ab
504 1981 546 2044 iis
568 1979 739 2065 pecuniam
761 1979 965 2062 abstulisset,
986 2000 1062 2064 non,

62 2069 180 2154 opinor,
198 2072 285 2134 esset
303 2067 446 2152 dubium,
464 2068 543 2153 quin
560 2090 643 2152 eum,
666 2091 739 2136 cum
756 2067 791 2133 id
807 2068 943 2153 planum
960 2067 1062 2152 fieret,

62 2156 265 2226 condemnari
281 2175 412 2224 neeesse
435 2159 530 2222 esset.
567 2155 672 2232 Quid?
695 2157 725 2222 si
747 2156 883 2221 eundem
905 2157 1062 2241 populum

62 2241 112 2308 HS
129 2248 175 2310 oc
197 2244 347 2328 poposcit
370 2265 471 2328 esque
494 2244 602 2332 coegit
626 2248 724 2328 atque
747 2244 894 2328 abstulit,
915 2267 995 2310 num
1017 2245 1062 2309 id·
1146 2309 1150 2314 .

63 2332 140 2398 circo
169 2333 371 2416 absolvetur,
399 2332 485 2417 quod
512 2332 691 2417 ascriptum
718 2336 768 2398 cst
795 2355 865 2398 eam
891 2334 1062 2418 pecuniam

33 2419 168 2489 sunm
185 2423 370 2486 statuarum
387 2420 539 2488 nomine?
576 2419 661 2506 Non,
684 2421 813 2505 opin013
834 2420 899 2486 nisi
921 2421 1007 2487 forte
1028 2421 1063 2485 id

64 2510 197 2594 agimus,
228 2530 295 2577 non
326 2512 364 2573 ut
395 2508 643 2594 magistratibus
674 2509 797 2574 nostris
829 2530 956 2574 moram
983 2510 1062 2576 occi·

63 2593 179 2682 piendi,
208 2595 265 2664 sed
291 2600 329 2662 ut
356 2596 452 2664 sociis
475 2618 607 2664 causam
629 2596 726 2664 dandi
750 2597 864 2664 afferre
886 2596 1061 2662 videamur.

121 2685 244 2762 Quodsi
271 2707 367 2769 quem
394 2688 524 2752 statuae
549 2706 670 2772 magno
699 2707 795 2770 opere
822 2685 997 2766 delectant,
1029 2688 1063 2748 et

65 2772 170 2858 siquis
184 2795 297 2840 omum
310 2773 433 2840 honore
451 2776 509 2839 aut
528 2773 635 2858 gloria
653 2773 791 2858 ducitur,
807 2774 836 2840 is
854 2773 934 2838 hoec
952 2775 1063 2836 tamen

34 2863 235 2931 ”constituat
247 2883 379 2929 necesse
393 2865 452 2945 est,
470 2861 612 2946 primum
625 2863 729 2928 averti
742 2861 912 2946 pecuniam
930 2860 1063 2924 domum

63 2948 123 3014 nori
139 2951 277 3036 placere,
300 2950 414 3018 deinde
436 2950 582 3034 ipsarum
606 2952 788 3016 statuarum
811 2948 943 3014 modum
966 2968 1062 3030 quen-

63 3037 221 3106 demesso
239 3041 398 3124 oportere,
422 3037 536 3106 deinde
553 3038 644 3122 illud,
667 3041 755 3104 certe
777 3038 819 3103 ab
841 3035 952 3100 invitis
976 3035 1063 3122 exigi

62 3145 120 3194 non
146 3131 306 3212 oportere.
351 3126 407 3194 Ac
424 3127 462 3192 dc
486 3127 661 3194 auertenda
682 3125 820 3211 pecunie
842 3144 961 3208 quaero
984 3124 1044 3189 abs
1065 3093 1116 3219 1543

63 3216 102 3298 to,
127 3218 238 3282 utrum
265 3215 356 3299 ipsae
381 3215 530 3282 civitates
554 3215 670 3282 solitae
693 3214 760 3278 sint
782 3216 909 3278 statuas
931 3212 993 3277 tibi
1016 3211 1062 3276 fa·

35 3301 184 3373 sciendas
205 3305 313 3377 locare
337 3303 379 3386 ei,
406 3303 458 3370 cui
480 3306 615 3388 possent
637 3302 762 3386 optima
783 3300 982 3385 condicione,
1005 3303 1063 3365 aut
1192 3385 1193 3390 ἵ

64 3390 196 3476 aliquem
214 3396 459 3476 procuratorem
477 3392 661 3477 praeficere,
684 3391 739 3474 qui
761 3388 880 3456 statuis
902 3388 1061 3456 faciundis

64 3483 227 3564 praeesset,
251 3502 294 3548 an
312 3479 383 3564 tibi,
406 3483 463 3546 aut
486 3480 538 3546 oui
559 3483 597 3545 tu
619 3479 827 3564 imperasses,
851 3477 1061 3544 adnumerare
