2402 3936
162 167 226 232 272
463 165 503 218 m
521 165 550 219 o.
565 161 720 219 venenu
738 161 816 218 cer.
834 161 867 216 n.

160 310 358 394 hominibus,
374 313 413 375 ut
427 309 495 392 [ab]
514 308 556 373 iis
575 310 637 389 [se]
657 307 843 372 abstineant
861 307 1004 371 maxime
1023 306 1125 390 vitiis,
1139 307 1172 370 in

163 401 280 486 quibus
308 399 449 465 alterum
475 395 750 482 reprehenderint.
798 393 917 460 Furem
944 395 1093 480 aliquem
1121 401 1172 460 eut

161 509 313 575 rapacem
344 485 519 569 accusaris,
554 483 689 550 vitanda
719 483 784 548 tibi
814 503 942 567 semper
973 484 1037 547 erit
1070 485 1173 548 omnis

163 576 320 644 avaritiae
338 574 493 660 simpici03
515 572 698 639 maleficum
717 571 903 658 quempiam
921 571 1099 636 adduxeris
1123 577 1174 637 aut

162 665 334 748 crudelem,
352 662 531 728 cavendum
544 661 607 726 erit
623 681 761 746 semper,
777 681 819 724 ne
837 681 902 744 qua
918 660 955 723 in
973 681 1010 724 re
1030 662 1195 746 asperiers

163 759 221 820 eut
233 751 441 817 inhumanior
452 749 554 814 fuisse
569 749 712 832 videare3
728 752 962 832 demptorem,
981 748 1175 832 adulterum,

162 839 396 927 providendum
428 838 614 923 diligenter,
644 859 685 902 ne
715 836 802 920 quod
833 836 868 900 in
896 836 968 901 vita
996 837 1175 924 vestigium

161 929 307 994 libidinis
326 930 496 1013 appareat3
519 925 628 991 emnia
645 929 821 1010 postremo,
839 945 922 1008 quae
939 924 1124 992 vindiceris
1144 929 1175 990 iu

162 1019 281 1100 altero,
309 1016 373 1081 tibi
399 1015 464 1100 ipsi
490 1014 699 1079 vehementer
723 1012 880 1098 fugiende
907 1016 1002 1078 sunt:
1043 1013 1176 1080 Etenim

161 1129 228 1172 nou
240 1105 338 1172 mede
352 1107 529 1185 aecusator,
547 1101 604 1166 sed
617 1123 658 1166 ne
672 1101 863 1187 obiurgator
878 1101 1011 1184 quidem
1024 1100 1175 1168 ferendus

162 1200 213 1260 est
235 1195 277 1277 is,
305 1193 375 1279 qui,
401 1190 487 1276 quod
508 1191 543 1254 in
566 1191 670 1255 altere
693 1189 810 1254 vitium
832 1189 1058 1273 reprehendit,
1082 1191 1120 1255 in
1142 1213 1174 1256 ee

127 1283 233 1368 eipse
256 1280 514 1366 deprehenditur.
554 1277 627 1364 Ege
650 1279 685 1342 in
707 1298 772 1342 uno
795 1277 927 1342 homine
950 1279 1064 1343 emnia
1088 1281 1175 1362 vitia

162 1391 245 1454 quae
259 1372 398 1455 possunt
411 1370 446 1432 in
463 1367 595 1432 homine
612 1365 741 1452 perdito
758 1364 948 1449 nefarieque
967 1387 1050 1450 esse,
1068 1389 1175 1453 reprc-

161 1457 283 1540 hend03
309 1456 437 1520 nullum
464 1477 534 1520 esse
562 1454 633 1520 dieo
662 1453 817 1518 indicium
843 1452 1005 1538 libidinis,
1035 1456 1175 1539 sceleris,

162 1544 328 1628 eudaoiee,
361 1543 447 1626 quod
477 1563 544 1608 nen
573 1543 610 1606 in
640 1542 736 1606 istius
767 1541 862 1606 unius
892 1543 964 1606 vita
990 1545 1197 1628 perspicere

160 1632 305 1718 possitis.
349 1630 441 1717 Rege
463 1631 500 1695 in
520 1631 585 1696 iste
608 1651 664 1696 ree
687 1631 794 1716 legem
816 1629 901 1695 hanc
923 1630 1023 1714 mihi,
1044 1631 1176 1716 indices,

161 1725 286 1806 statuo,
316 1719 490 1786 vivendum
520 1719 569 1784 ita
596 1739 679 1801 esse,
710 1722 748 1782 ut
775 1718 832 1782 isti
858 1739 925 1782 non
951 1719 1051 1786 mede
1078 1720 1175 1786 factis

161 1810 322 1894 dictisque
353 1807 517 1889 omnibus,
548 1807 605 1872 sed
634 1807 733 1871 etiem
762 1807 827 1873 eris
855 1808 1092 1893 oculorumque
1119 1810 1175 1874 illa

161 1897 366 1964 contumacia
393 1919 429 1962 ee
457 1895 622 1980 superbia,
650 1915 748 1978 quam
774 1893 908 1979 videtis,
934 1894 1173 1962 dissimillimus

161 2007 232 2050 esse
264 2007 301 2050 ec
331 2004 460 2068 semper
487 1983 588 2047 fnisse
614 1982 734 2048 ridear.
783 1981 909 2066 Patior,
940 2003 1008 2048 nen
1036 1986 1174 2050 moleste

160 2074 240 2156 fere,
262 2071 392 2153 iudices,
415 2091 487 2134 eam
510 2071 621 2152 vitem,
645 2070 830 2155 quaemihi
853 2091 912 2136 sua
935 2076 1055 2156 sponte
1076 2079 1175 2138 antes

160 2159 299 2223 iucunde
326 2157 438 2241 fuerit,
464 2157 639 2221 nunciam
661 2179 735 2224 mea
757 2158 829 2245 lege
853 2162 885 2222 et
908 2159 1097 2226 condicione
1118 2183 1176 2226 ne

125 2267 336 2398 3eesqurpeiqlr
360 2243 700 2420 hddqlidniiridrddhpe
722 2356 743 2400 e
766 2357 817 2400 me
840 2335 969 2420 quaeris
1006 2335 1173 2420 Hortensi,

125 2385 278 2506 ⁶quibus
305 2421 484 2487 inimicitiis
513 2425 569 2487 aut
597 2444 662 2507 qua
687 2422 807 2489 iniuria
833 2387 991 2488 adductud
1017 2425 1059 2490 ad
1082 2448 1173 2492 aecu-

161 2509 298 2576 sandum
317 2509 556 2576 descenderim?
596 2509 694 2574 Mitto
713 2511 779 2576 iam
801 2511 961 2576 rationem
986 2513 1087 2579 efficii
1110 2515 1173 2579 mei

160 2598 472 2683 necessitudinisque
499 2595 694 2682 Siculorum,
727 2598 873 2684 deipsis
900 2598 964 2664 tibi
990 2601 1172 2667 inimicitiis

160 2687 348 2773 respondeo.
384 2685 438 2750 An
456 2690 493 2752 tu
512 2687 650 2752 maiores
668 2687 754 2752 ullas
773 2687 960 2753 inimicitias
979 2693 1078 2774 putas
1102 2713 1172 2756 esse

160 2798 259 2860 quam
292 2775 472 2840 contraries
499 2774 668 2840 hominum
695 2776 873 2840 sententias
901 2797 939 2842 ae
966 2777 1172 2844 dissimilitu-

160 2863 252 2929 dines
265 2863 446 2929 studierum
457 2883 496 2928 ae
508 2863 737 2944 voluntatum?
755 2862 867 2928 Fidem
881 2865 1125 2932 sanctissimam
1137 2868 1171 2930 in

160 2953 229 3017 vita
243 2952 299 3036 qui
311 2955 416 3036 putat,
433 2953 544 3035 potest
557 2952 586 3016 ei
599 2971 666 3016 nen
678 2951 827 3016 inimicus
842 2973 922 3037 essa,
940 2954 998 3037 qui
1016 2959 1171 3039 quaestor

160 3040 327 3105 consulem
354 3060 448 3104 suum
476 3039 621 3104 consiliis
649 3039 844 3124 commissis,
872 3042 1011 3125 pecunia
1037 3043 1171 3126 tradita,

159 3125 256 3189 rebus
283 3128 434 3192 omnibus
461 3126 592 3228 creditis
620 3127 774 3212 spoliare,
800 3127 998 3231 relinquere,
1022 3132 1170 3215 prodere,

158 3214 786 3388 diligiti,illimiffieqiiu‘lilil
809 3216 1169 3390 ,delitiscit

159 3386 376 3450 meretriciam
408 3389 624 3474 disciplinam,
656 3390 868 3458 domesticum
900 3394 1096 3460 lenocinium
1123 3397 1169 3460 ri-

159 3467 256 3532 dere?
307 3469 368 3543 Qui
399 3476 575 3560 religiones
605 3480 738 3544 deorum
767 3481 1002 3546 immortalium
1028 3483 1168 3547 retinere
