<?xml version="1.0" encoding="UTF-8"?>
<!DOCTYPE html PUBLIC "-//W3C//DTD XHTML 1.0 Transitional//EN"
    "http://www.w3.org/TR/xhtml1/DTD/xhtml1-transitional.dtd">
<html xmlns="http://www.w3.org/1999/xhtml" xml:lang="en" lang="en">
 <head>
  <title>
</title>
<meta http-equiv="Content-Type" content="text/html;charset=utf-8" />
  <meta name='ocr-system' content='tesseract 3.04.00' />
  <meta name='ocr-capabilities' content='ocr_page ocr_carea ocr_par ocr_line ocrx_word'/>
</head>
<body>
  <div class='ocr_page' id='page_1' title='image "./mtulliiciceroni02mlgoog/mtulliiciceroni02mlgoog_0227.png"; bbox 0 0 2386 3938; ppageno 0'>
   <div class='ocr_carea' id='block_1_1' title="bbox 145 354 180 402">
    <p class='ocr_par' dir='ltr' id='par_1_1' title="bbox 145 354 180 402">
     <span class='ocr_line' id='line_1_1' title="bbox 145 354 180 402; baseline 0 0"><span class='ocrx_word' id='word_1_1' title='bbox 145 354 180 402; x_wconf 80' lang='lat'>35</span> 
     </span>
    </p>
   </div>
   <div class='ocr_carea' id='block_1_2' title="bbox 145 1237 179 1287">
    <p class='ocr_par' dir='ltr' id='par_1_2' title="bbox 145 1237 179 1287">
     <span class='ocr_line' id='line_1_2' title="bbox 145 1237 179 1287; baseline 0 0"><span class='ocrx_word' id='word_1_2' title='bbox 145 1237 179 1287; x_wconf 79' lang='lat'>36</span> 
     </span>
    </p>
   </div>
   <div class='ocr_carea' id='block_1_3' title="bbox 143 1803 188 1930">
    <p class='ocr_par' dir='ltr' id='par_1_3' title="bbox 143 1803 188 1930">
     <span class='ocr_line' id='line_1_3' title="bbox 145 1803 188 1868; baseline 0.047 -2"><span class='ocrx_word' id='word_1_3' title='bbox 145 1803 188 1868; x_wconf 80' lang='lat'>12</span> 
     </span>
     <span class='ocr_line' id='line_1_4' title="bbox 143 1883 178 1930; baseline 0 0"><span class='ocrx_word' id='word_1_4' title='bbox 143 1883 178 1930; x_wconf 83' lang='lat' dir='ltr'>ar</span> 
     </span>
    </p>
   </div>
   <div class='ocr_carea' id='block_1_4' title="bbox 142 2645 176 2696">
    <p class='ocr_par' dir='ltr' id='par_1_4' title="bbox 142 2645 176 2696">
     <span class='ocr_line' id='line_1_5' title="bbox 142 2645 176 2696; baseline -0.029 0"><span class='ocrx_word' id='word_1_5' title='bbox 142 2645 176 2696; x_wconf 83' lang='lat'>³8</span> 
     </span>
    </p>
   </div>
   <div class='ocr_carea' id='block_1_5' title="bbox 142 3431 176 3480">
    <p class='ocr_par' dir='ltr' id='par_1_5' title="bbox 142 3431 176 3480">
     <span class='ocr_line' id='line_1_6' title="bbox 142 3431 176 3480; baseline 0 0"><span class='ocrx_word' id='word_1_6' title='bbox 142 3431 176 3480; x_wconf 80' lang='lat'>89</span> 
     </span>
    </p>
   </div>
   <div class='ocr_carea' id='block_1_6' title="bbox 201 186 965 252">
    <p class='ocr_par' dir='ltr' id='par_1_6' title="bbox 201 186 965 252">
     <span class='ocr_line' id='line_1_7' title="bbox 201 186 965 252; baseline -0.001 -8"><span class='ocrx_word' id='word_1_7' title='bbox 201 188 265 251; x_wconf 92' lang='grc'>110</span> <span class='ocrx_word' id='word_1_8' title='bbox 312 190 317 201; x_wconf 93' lang='grc'><strong>’</strong></span> <span class='ocrx_word' id='word_1_9' title='bbox 442 187 481 241; x_wconf 83' lang='lat' dir='ltr'>IN</span> <span class='ocrx_word' id='word_1_10' title='bbox 499 187 530 252; x_wconf 85' lang='lat' dir='ltr'>Q.</span> <span class='ocrx_word' id='word_1_11' title='bbox 550 186 748 242; x_wconf 72' lang='lat' dir='ltr'>cnnclnlon</span> <span class='ocrx_word' id='word_1_12' title='bbox 765 186 965 243; x_wconf 82' lang='lat' dir='ltr'><strong>DIVINATIO.</strong></span> 
     </span>
    </p>
   </div>
   <div class='ocr_carea' id='block_1_7' title="bbox 193 331 1181 3506">
    <p class='ocr_par' dir='ltr' id='par_1_7' title="bbox 197 331 1178 859">
     <span class='ocr_line' id='line_1_8' title="bbox 197 331 1176 418; baseline -0.003 -20"><span class='ocrx_word' id='word_1_13' title='bbox 197 337 333 418; x_wconf 80' lang='lat' dir='ltr'>peccata</span> <span class='ocrx_word' id='word_1_14' title='bbox 349 332 571 398; x_wconf 85' lang='lat' dir='ltr'>demonstrare</span> <span class='ocrx_word' id='word_1_15' title='bbox 588 333 724 416; x_wconf 76' lang='lat' dir='ltr'><strong>possint.</strong></span> <span class='ocrx_word' id='word_1_16' title='bbox 763 332 812 398; x_wconf 84' lang='lat' dir='ltr'>Ac</span> <span class='ocrx_word' id='word_1_17' title='bbox 829 333 912 416; x_wconf 83' lang='lat' dir='ltr'>vide,</span> <span class='ocrx_word' id='word_1_18' title='bbox 930 335 1083 416; x_wconf 89' lang='lat' dir='ltr'>quantum</span> <span class='ocrx_word' id='word_1_19' title='bbox 1098 331 1176 396; x_wconf 87' lang='lat' dir='ltr'>inter-</span> 
     </span>
     <span class='ocr_line' id='line_1_9' title="bbox 198 417 1176 503; baseline -0.003 -17"><span class='ocrx_word' id='word_1_20' title='bbox 198 419 344 487; x_wconf 83' lang='lat' dir='ltr'>futurum</span> <span class='ocrx_word' id='word_1_21' title='bbox 367 422 411 487; x_wconf 89' lang='lat' dir='ltr'>ait</span> <span class='ocrx_word' id='word_1_22' title='bbox 431 422 518 486; x_wconf 83' lang='lat' dir='ltr'>iuter</span> <span class='ocrx_word' id='word_1_23' title='bbox 540 443 646 486; x_wconf 87' lang='lat' dir='ltr'>meam</span> <span class='ocrx_word' id='word_1_24' title='bbox 669 425 703 486; x_wconf 89' lang='lat' dir='ltr'>et</span> <span class='ocrx_word' id='word_1_25' title='bbox 724 426 815 486; x_wconf 87' lang='lat' dir='ltr'>tuam</span> <span class='ocrx_word' id='word_1_26' title='bbox 841 421 1082 486; x_wconf 72' lang='lat' dir='ltr'><strong>accusationem</strong></span> <span class='ocrx_word' id='word_1_27' title='bbox 1121 417 1176 503; x_wconf 77' lang='lat' dir='ltr'>ligo</span> 
     </span>
     <span class='ocr_line' id='line_1_10' title="bbox 198 507 1177 594; baseline -0.002 -20"><span class='ocrx_word' id='word_1_28' title='bbox 198 512 312 591; x_wconf 85' lang='lat' dir='ltr'>etiam,</span> <span class='ocrx_word' id='word_1_29' title='bbox 341 532 424 594; x_wconf 87' lang='lat' dir='ltr'>qnae</span> <span class='ocrx_word' id='word_1_30' title='bbox 452 515 489 574; x_wconf 89' lang='lat' dir='ltr'>tu</span> <span class='ocrx_word' id='word_1_31' title='bbox 512 510 582 576; x_wconf 88' lang='lat' dir='ltr'>sine</span> <span class='ocrx_word' id='word_1_32' title='bbox 603 508 706 575; x_wconf 84' lang='lat' dir='ltr'>Verre</span> <span class='ocrx_word' id='word_1_33' title='bbox 728 509 933 593; x_wconf 71' lang='lat' dir='ltr'>commisisti,</span> <span class='ocrx_word' id='word_1_34' title='bbox 959 507 1055 574; x_wconf 86' lang='lat' dir='ltr'>Verri</span> <span class='ocrx_word' id='word_1_35' title='bbox 1076 507 1177 572; x_wconf 82' lang='lat' dir='ltr'>crimini</span> 
     </span>
     <span class='ocr_line' id='line_1_11' title="bbox 198 597 1176 683; baseline -0.004 -19"><span class='ocrx_word' id='word_1_36' title='bbox 198 598 333 664; x_wconf 86' lang='lat' dir='ltr'>daturus</span> <span class='ocrx_word' id='word_1_37' title='bbox 356 620 437 679; x_wconf 89' lang='lat' dir='ltr'>sum,</span> <span class='ocrx_word' id='word_1_38' title='bbox 460 599 546 682; x_wconf 92' lang='lat' dir='ltr'>qnod</span> <span class='ocrx_word' id='word_1_39' title='bbox 568 605 602 662; x_wconf 89' lang='lat' dir='ltr'>tc</span> <span class='ocrx_word' id='word_1_40' title='bbox 622 619 691 662; x_wconf 90' lang='lat' dir='ltr'>non</span> <span class='ocrx_word' id='word_1_41' title='bbox 711 597 924 683; x_wconf 76' lang='lat' dir='ltr'>prohibuerit,</span> <span class='ocrx_word' id='word_1_42' title='bbox 948 619 1022 663; x_wconf 89' lang='lat' dir='ltr'>cum</span> <span class='ocrx_word' id='word_1_43' title='bbox 1044 617 1176 661; x_wconf 86' lang='lat' dir='ltr'>summan</span> 
     </span>
     <span class='ocr_line' id='line_1_12' title="bbox 197 683 1178 772; baseline -0.004 -21"><span class='ocrx_word' id='word_1_44' title='bbox 197 687 268 772; x_wconf 87' lang='lat' dir='ltr'>ipse</span> <span class='ocrx_word' id='word_1_45' title='bbox 283 687 419 751; x_wconf 87' lang='lat' dir='ltr'>haberet</span> <span class='ocrx_word' id='word_1_46' title='bbox 436 690 646 771; x_wconf 67' lang='lat' dir='ltr'>potestatem</span> <span class='ocrx_word' id='word_1_47' title='bbox 663 689 701 751; x_wconf 88' lang='lat' dir='ltr'>tu</span> <span class='ocrx_word' id='word_1_48' title='bbox 715 690 836 770; x_wconf 81' lang='lat' dir='ltr'>contra,</span> <span class='ocrx_word' id='word_1_49' title='bbox 853 707 991 769; x_wconf 86' lang='lat' dir='ltr'>nequae</span> <span class='ocrx_word' id='word_1_50' title='bbox 1003 685 1062 750; x_wconf 91' lang='lat' dir='ltr'>ille</span> <span class='ocrx_word' id='word_1_51' title='bbox 1074 683 1178 769; x_wconf 86' lang='lat' dir='ltr'>quiden</span> 
     </span>
     <span class='ocr_line' id='line_1_13' title="bbox 197 772 1177 859; baseline -0.002 -19"><span class='ocrx_word' id='word_1_52' title='bbox 197 772 1177 859; x_wconf 65' lang='lat' dir='ltr'>fecit,obicisquequaexpartcconiunetueeumeorcperiare</span> 
     </span>
    </p>

    <p class='ocr_par' dir='ltr' id='par_1_8' title="bbox 193 860 1181 3506">
     <span class='ocr_line' id='line_1_14' title="bbox 265 860 1177 947; baseline -0.005 -21"><span class='ocrx_word' id='word_1_53' title='bbox 265 860 371 938; x_wconf 81' lang='lat' dir='ltr'>Quid?</span> <span class='ocrx_word' id='word_1_54' title='bbox 401 863 475 944; x_wconf 90' lang='lat' dir='ltr'>illa,</span> <span class='ocrx_word' id='word_1_55' title='bbox 502 861 636 947; x_wconf 87' lang='lat' dir='ltr'>Caecili,</span> <span class='ocrx_word' id='word_1_56' title='bbox 666 862 940 928; x_wconf 76' lang='lat' dir='ltr'>contemnendane</span> <span class='ocrx_word' id='word_1_57' title='bbox 969 861 1035 928; x_wconf 91' lang='lat' dir='ltr'>tibi</span> <span class='ocrx_word' id='word_1_58' title='bbox 1055 861 1177 928; x_wconf 78' lang='lat' dir='ltr'>ridentur</span> 
     </span>
     <span class='ocr_line' id='line_1_15' title="bbox 198 951 1177 1036; baseline 0 -21"><span class='ocrx_word' id='word_1_59' title='bbox 198 971 283 1035; x_wconf 83' lang='lat' dir='ltr'>esse,</span> <span class='ocrx_word' id='word_1_60' title='bbox 314 951 384 1016; x_wconf 87' lang='lat' dir='ltr'>sine</span> <span class='ocrx_word' id='word_1_61' title='bbox 411 951 529 1036; x_wconf 90' lang='lat' dir='ltr'>quibus</span> <span class='ocrx_word' id='word_1_62' title='bbox 556 973 654 1017; x_wconf 87' lang='lat' dir='ltr'>cansa</span> <span class='ocrx_word' id='word_1_63' title='bbox 680 951 847 1035; x_wconf 79' lang='lat' dir='ltr'>sustineri,</span> <span class='ocrx_word' id='word_1_64' title='bbox 876 951 1072 1036; x_wconf 85' lang='lat' dir='ltr'>praesertim</span> <span class='ocrx_word' id='word_1_65' title='bbox 1099 953 1177 1026; x_wconf 71' lang='lat' dir='ltr'>butu,</span> 
     </span>
     <span class='ocr_line' id='line_1_16' title="bbox 197 1037 1177 1126; baseline -0.006 -22"><span class='ocrx_word' id='word_1_66' title='bbox 197 1039 289 1105; x_wconf 88' lang='lat' dir='ltr'>nullo</span> <span class='ocrx_word' id='word_1_67' title='bbox 320 1039 418 1105; x_wconf 91' lang='lat' dir='ltr'>modo</span> <span class='ocrx_word' id='word_1_68' title='bbox 446 1040 582 1126; x_wconf 80' lang='lat' dir='ltr'>potest?</span> <span class='ocrx_word' id='word_1_69' title='bbox 612 1039 724 1123; x_wconf 88' lang='lat' dir='ltr'>aliqua</span> <span class='ocrx_word' id='word_1_70' title='bbox 754 1039 894 1104; x_wconf 88' lang='lat' dir='ltr'>facultas</span> <span class='ocrx_word' id='word_1_71' title='bbox 926 1039 1059 1125; x_wconf 78' lang='lat' dir='ltr'>agendi,</span> <span class='ocrx_word' id='word_1_72' title='bbox 1094 1037 1177 1119; x_wconf 87' lang='lat' dir='ltr'>aliqua</span> 
     </span>
     <span class='ocr_line' id='line_1_17' title="bbox 198 1125 1177 1212; baseline -0.006 -19"><span class='ocrx_word' id='word_1_73' title='bbox 198 1127 325 1194; x_wconf 85' lang='lat' dir='ltr'>dicendi</span> <span class='ocrx_word' id='word_1_74' title='bbox 351 1129 562 1211; x_wconf 74' lang='lat' dir='ltr'>consuetudo,</span> <span class='ocrx_word' id='word_1_75' title='bbox 591 1127 701 1211; x_wconf 85' lang='lat' dir='ltr'>aliqua</span> <span class='ocrx_word' id='word_1_76' title='bbox 726 1128 763 1192; x_wconf 89' lang='lat' dir='ltr'>in</span> <span class='ocrx_word' id='word_1_77' title='bbox 787 1127 875 1211; x_wconf 87' lang='lat' dir='ltr'>foro,</span> <span class='ocrx_word' id='word_1_78' title='bbox 904 1127 1047 1212; x_wconf 87' lang='lat' dir='ltr'>indiciis,</span> <span class='ocrx_word' id='word_1_79' title='bbox 1077 1125 1177 1212; x_wconf 75' lang='lat' dir='ltr'>legion</span> 
     </span>
     <span class='ocr_line' id='line_1_18' title="bbox 198 1213 1177 1302; baseline -0.006 -22"><span class='ocrx_word' id='word_1_80' title='bbox 198 1222 257 1281; x_wconf 87' lang='lat' dir='ltr'>aut</span> <span class='ocrx_word' id='word_1_81' title='bbox 278 1217 363 1282; x_wconf 87' lang='lat' dir='ltr'>ratio</span> <span class='ocrx_word' id='word_1_82' title='bbox 385 1221 443 1282; x_wconf 89' lang='lat' dir='ltr'>aut</span> <span class='ocrx_word' id='word_1_83' title='bbox 465 1215 675 1282; x_wconf 82' lang='lat' dir='ltr'>exercitatio?</span> <span class='ocrx_word' id='word_1_84' title='bbox 718 1215 889 1302; x_wconf 83' lang='lat' dir='ltr'>Intellego,</span> <span class='ocrx_word' id='word_1_85' title='bbox 911 1238 1012 1299; x_wconf 87' lang='lat' dir='ltr'>quam</span> <span class='ocrx_word' id='word_1_86' title='bbox 1035 1213 1177 1300; x_wconf 83' lang='lat' dir='ltr'>scopuloso</span> 
     </span>
     <span class='ocr_line' id='line_1_19' title="bbox 198 1299 1178 1389; baseline 0.002 -21"><span class='ocrx_word' id='word_1_87' title='bbox 198 1305 386 1389; x_wconf 86' lang='lat' dir='ltr'>difficilique</span> <span class='ocrx_word' id='word_1_88' title='bbox 399 1306 434 1369; x_wconf 91' lang='lat' dir='ltr'>iu</span> <span class='ocrx_word' id='word_1_89' title='bbox 451 1305 523 1370; x_wconf 94' lang='lat' dir='ltr'>loco</span> <span class='ocrx_word' id='word_1_90' title='bbox 541 1325 659 1369; x_wconf 81' lang='lat' dir='ltr'>verser.</span> <span class='ocrx_word' id='word_1_91' title='bbox 694 1302 782 1370; x_wconf 85' lang='lat' dir='ltr'>Nam</span> <span class='ocrx_word' id='word_1_92' title='bbox 798 1326 871 1370; x_wconf 88' lang='lat' dir='ltr'>cnm</span> <span class='ocrx_word' id='word_1_93' title='bbox 892 1305 999 1369; x_wconf 89' lang='lat' dir='ltr'>omnis</span> <span class='ocrx_word' id='word_1_94' title='bbox 1018 1299 1178 1389; x_wconf 64' lang='lat' dir='ltr'>arrogantie</span> 
     </span>
     <span class='ocr_line' id='line_1_20' title="bbox 198 1388 1176 1478; baseline -0.01 -20"><span class='ocrx_word' id='word_1_95' title='bbox 198 1393 311 1458; x_wconf 90' lang='lat' dir='ltr'>odiosa</span> <span class='ocrx_word' id='word_1_96' title='bbox 338 1397 402 1476; x_wconf 87' lang='lat' dir='ltr'>eet,</span> <span class='ocrx_word' id='word_1_97' title='bbox 430 1396 503 1456; x_wconf 90' lang='lat' dir='ltr'>tum</span> <span class='ocrx_word' id='word_1_98' title='bbox 524 1393 584 1457; x_wconf 88' lang='lat' dir='ltr'>illa</span> <span class='ocrx_word' id='word_1_99' title='bbox 606 1392 729 1478; x_wconf 79' lang='lat' dir='ltr'>ingenii</span> <span class='ocrx_word' id='word_1_100' title='bbox 751 1396 850 1475; x_wconf 86' lang='lat' dir='ltr'>atque</span> <span class='ocrx_word' id='word_1_101' title='bbox 873 1393 1078 1476; x_wconf 73' lang='lat' dir='ltr'>eloquentiae</span> <span class='ocrx_word' id='word_1_102' title='bbox 1098 1388 1176 1455; x_wconf 80' lang='lat' dir='ltr'>multo</span> 
     </span>
     <span class='ocr_line' id='line_1_21' title="bbox 197 1477 1176 1554; baseline 0.001 -9"><span class='ocrx_word' id='word_1_103' title='bbox 197 1480 438 1545; x_wconf 85' lang='lat' dir='ltr'>molestissima.</span> <span class='ocrx_word' id='word_1_104' title='bbox 482 1478 586 1554; x_wconf 88' lang='lat' dir='ltr'>Quam</span> <span class='ocrx_word' id='word_1_105' title='bbox 614 1481 657 1545; x_wconf 93' lang='lat' dir='ltr'>ob</span> <span class='ocrx_word' id='word_1_106' title='bbox 683 1502 753 1545; x_wconf 89' lang='lat' dir='ltr'>rem</span> <span class='ocrx_word' id='word_1_107' title='bbox 779 1480 862 1545; x_wconf 88' lang='lat' dir='ltr'>nihil</span> <span class='ocrx_word' id='word_1_108' title='bbox 889 1481 961 1546; x_wconf 92' lang='lat' dir='ltr'>dico</span> <span class='ocrx_word' id='word_1_109' title='bbox 988 1481 1030 1546; x_wconf 90' lang='lat' dir='ltr'>de</span> <span class='ocrx_word' id='word_1_110' title='bbox 1056 1501 1122 1546; x_wconf 87' lang='lat' dir='ltr'>meo</span> <span class='ocrx_word' id='word_1_111' title='bbox 1145 1477 1176 1538; x_wconf 76' lang='lat' dir='ltr'>in·</span> 
     </span>
     <span class='ocr_line' id='line_1_22' title="bbox 197 1567 1177 1740; baseline -0.002 -20"><span class='ocrx_word' id='word_1_112' title='bbox 197 1567 622 1721; x_wconf 52' lang='lat' dir='ltr'>titthffltt‘tmtl</span> <span class='ocrx_word' id='word_1_113' title='bbox 630 1568 903 1740; x_wconf 59' lang='lat' dir='ltr'>diffidit?</span> <span class='ocrx_word' id='word_1_114' title='bbox 916 1567 1177 1740; x_wconf 54' lang='lat' dir='ltr'>&amp;stilti</span> 
     </span>
     <span class='ocr_line' id='line_1_23' title="bbox 197 1741 1177 1832; baseline -0.002 -22"><span class='ocrx_word' id='word_1_115' title='bbox 197 1744 369 1829; x_wconf 88' lang='lat' dir='ltr'>opinionis,</span> <span class='ocrx_word' id='word_1_116' title='bbox 386 1744 539 1828; x_wconf 91' lang='lat' dir='ltr'>quicquid</span> <span class='ocrx_word' id='word_1_117' title='bbox 552 1748 612 1828; x_wconf 74' lang='lat' dir='ltr'>est,</span> <span class='ocrx_word' id='word_1_118' title='bbox 630 1748 696 1829; x_wconf 85' lang='lat' dir='ltr'>aut,</span> <span class='ocrx_word' id='word_1_119' title='bbox 714 1746 742 1808; x_wconf 87' lang='lat' dir='ltr'>si</span> <span class='ocrx_word' id='word_1_120' title='bbox 756 1745 792 1809; x_wconf 91' lang='lat' dir='ltr'>id</span> <span class='ocrx_word' id='word_1_121' title='bbox 806 1766 922 1830; x_wconf 90' lang='lat' dir='ltr'>parum</span> <span class='ocrx_word' id='word_1_122' title='bbox 940 1749 1001 1829; x_wconf 87' lang='lat' dir='ltr'>est,</span> <span class='ocrx_word' id='word_1_123' title='bbox 1021 1767 1082 1832; x_wconf 82' lang='lat' dir='ltr'>ego</span> <span class='ocrx_word' id='word_1_124' title='bbox 1098 1741 1177 1808; x_wconf 83' lang='lat' dir='ltr'>maim</span> 
     </span>
     <span class='ocr_line' id='line_1_24' title="bbox 196 1826 1177 1918; baseline -0.004 -18"><span class='ocrx_word' id='word_1_125' title='bbox 196 1834 230 1900; x_wconf 93' lang='lat' dir='ltr'>id</span> <span class='ocrx_word' id='word_1_126' title='bbox 248 1832 531 1900; x_wconf 86' lang='lat' dir='ltr'>commemorando</span> <span class='ocrx_word' id='word_1_127' title='bbox 547 1831 655 1898; x_wconf 84' lang='lat' dir='ltr'>iacere</span> <span class='ocrx_word' id='word_1_128' title='bbox 671 1854 738 1898; x_wconf 91' lang='lat' dir='ltr'>nou</span> <span class='ocrx_word' id='word_1_129' title='bbox 759 1854 901 1918; x_wconf 85' lang='lat' dir='ltr'>possam.</span> <span class='ocrx_word' id='word_1_130' title='bbox 937 1831 987 1898; x_wconf 89' lang='lat' dir='ltr'>De</span> <span class='ocrx_word' id='word_1_131' title='bbox 1010 1838 1055 1918; x_wconf 86' lang='lat' dir='ltr'>te,</span> <span class='ocrx_word' id='word_1_132' title='bbox 1076 1826 1177 1906; x_wconf 73' lang='lat' dir='ltr'>Caecili</span> 
     </span>
     <span class='ocr_line' id='line_1_25' title="bbox 196 1921 1178 2008; baseline -0.008 -20"><span class='ocrx_word' id='word_1_133' title='bbox 196 1921 277 2008; x_wconf 86' lang='lat' dir='ltr'>(iam</span> <span class='ocrx_word' id='word_1_134' title='bbox 295 1922 478 1988; x_wconf 87' lang='lat' dir='ltr'>mehercule</span> <span class='ocrx_word' id='word_1_135' title='bbox 495 1921 558 1987; x_wconf 87' lang='lat' dir='ltr'>hoc</span> <span class='ocrx_word' id='word_1_136' title='bbox 572 1925 664 1986; x_wconf 64' lang='lat' dir='ltr'>eaba</span> <span class='ocrx_word' id='word_1_137' title='bbox 676 1921 761 1986; x_wconf 88' lang='lat' dir='ltr'>hanc</span> <span class='ocrx_word' id='word_1_138' title='bbox 774 1921 1015 1987; x_wconf 87' lang='lat' dir='ltr'>contentionem</span> <span class='ocrx_word' id='word_1_139' title='bbox 1030 1925 1178 1988; x_wconf 84' lang='lat' dir='ltr'>certamen·</span> 
     </span>
     <span class='ocr_line' id='line_1_26' title="bbox 196 2007 1176 2183; baseline -0.009 -20"><span class='ocrx_word' id='word_1_140' title='bbox 196 2007 1090 2183; x_wconf 56' lang='lat' dir='ltr'>tttttttttttssttttl⁰ttttitt</span> <span class='ocrx_word' id='word_1_141' title='bbox 1106 2023 1176 2159; x_wconf 72' lang='lat' dir='ltr'>tt</span> 
     </span>
     <span class='ocr_line' id='line_1_27' title="bbox 195 2182 1181 2270; baseline 0.004 -22"><span class='ocrx_word' id='word_1_142' title='bbox 195 2190 229 2249; x_wconf 89' lang='lat' dir='ltr'>te</span> <span class='ocrx_word' id='word_1_143' title='bbox 252 2184 371 2270; x_wconf 86' lang='lat' dir='ltr'>collige</span> <span class='ocrx_word' id='word_1_144' title='bbox 393 2188 436 2268; x_wconf 87' lang='lat' dir='ltr'>et,</span> <span class='ocrx_word' id='word_1_145' title='bbox 459 2185 514 2268; x_wconf 89' lang='lat' dir='ltr'>qui</span> <span class='ocrx_word' id='word_1_146' title='bbox 537 2186 583 2250; x_wconf 90' lang='lat' dir='ltr'>sis</span> <span class='ocrx_word' id='word_1_147' title='bbox 606 2190 639 2250; x_wconf 86' lang='lat' dir='ltr'>et</span> <span class='ocrx_word' id='word_1_148' title='bbox 662 2185 739 2270; x_wconf 89' lang='lat' dir='ltr'>quid</span> <span class='ocrx_word' id='word_1_149' title='bbox 761 2185 866 2251; x_wconf 87' lang='lat' dir='ltr'>facere</span> <span class='ocrx_word' id='word_1_150' title='bbox 888 2186 1006 2270; x_wconf 87' lang='lat' dir='ltr'>possis,</span> <span class='ocrx_word' id='word_1_151' title='bbox 1029 2182 1181 2252; x_wconf 64' lang='lat' dir='ltr'>considere]</span> 
     </span>
     <span class='ocr_line' id='line_1_28' title="bbox 194 2270 1177 2359; baseline -0.005 -23"><span class='ocrx_word' id='word_1_152' title='bbox 194 2271 339 2337; x_wconf 81' lang='lat' dir='ltr'>Putasne</span> <span class='ocrx_word' id='word_1_153' title='bbox 364 2275 398 2336; x_wconf 88' lang='lat' dir='ltr'>te</span> <span class='ocrx_word' id='word_1_154' title='bbox 424 2293 521 2357; x_wconf 87' lang='lat' dir='ltr'>posse</span> <span class='ocrx_word' id='word_1_155' title='bbox 548 2274 587 2338; x_wconf 88' lang='lat' dir='ltr'>de</span> <span class='ocrx_word' id='word_1_156' title='bbox 614 2273 764 2338; x_wconf 87' lang='lat' dir='ltr'>maximis</span> <span class='ocrx_word' id='word_1_157' title='bbox 792 2273 1073 2359; x_wconf 82' lang='lat' dir='ltr'>acerbissimisque</span> <span class='ocrx_word' id='word_1_158' title='bbox 1097 2270 1177 2346; x_wconf 81' lang='lat' dir='ltr'>rebus,</span> 
     </span>
     <span class='ocr_line' id='line_1_29' title="bbox 195 2361 1177 2448; baseline 0.001 -24"><span class='ocrx_word' id='word_1_159' title='bbox 195 2381 268 2425; x_wconf 88' lang='lat' dir='ltr'>cum</span> <span class='ocrx_word' id='word_1_160' title='bbox 291 2381 422 2425; x_wconf 87' lang='lat' dir='ltr'>causam</span> <span class='ocrx_word' id='word_1_161' title='bbox 444 2361 605 2426; x_wconf 89' lang='lat' dir='ltr'>sociorum</span> <span class='ocrx_word' id='word_1_162' title='bbox 626 2362 838 2446; x_wconf 82' lang='lat' dir='ltr'>fortunasque</span> <span class='ocrx_word' id='word_1_163' title='bbox 859 2361 1058 2448; x_wconf 81' lang='lat' dir='ltr'>provinciae,</span> <span class='ocrx_word' id='word_1_164' title='bbox 1078 2361 1123 2425; x_wconf 88' lang='lat' dir='ltr'>ios</span> <span class='ocrx_word' id='word_1_165' title='bbox 1136 2375 1177 2442; x_wconf 70' lang='lat' dir='ltr'>pn</span> 
     </span>
     <span class='ocr_line' id='line_1_30' title="bbox 194 2443 1180 2536; baseline -0.003 -23"><span class='ocrx_word' id='word_1_166' title='bbox 194 2448 265 2533; x_wconf 92' lang='lat' dir='ltr'>puli</span> <span class='ocrx_word' id='word_1_167' title='bbox 286 2447 440 2534; x_wconf 69' lang='lat' dir='ltr'>Rerum,</span> <span class='ocrx_word' id='word_1_168' title='bbox 467 2451 664 2535; x_wconf 78' lang='lat' dir='ltr'>gravitatem</span> <span class='ocrx_word' id='word_1_169' title='bbox 686 2450 796 2515; x_wconf 89' lang='lat' dir='ltr'>iudicii</span> <span class='ocrx_word' id='word_1_170' title='bbox 817 2449 995 2536; x_wconf 79' lang='lat' dir='ltr'>legumque</span> <span class='ocrx_word' id='word_1_171' title='bbox 1016 2443 1180 2536; x_wconf 54' lang='lat' dir='ltr'>suscepero}</span> 
     </span>
     <span class='ocr_line' id='line_1_31' title="bbox 195 2538 1180 2624; baseline 0.001 -25"><span class='ocrx_word' id='word_1_172' title='bbox 195 2541 247 2602; x_wconf 90' lang='lat' dir='ltr'>tot</span> <span class='ocrx_word' id='word_1_173' title='bbox 273 2558 326 2600; x_wconf 88' lang='lat' dir='ltr'>res</span> <span class='ocrx_word' id='word_1_174' title='bbox 353 2541 422 2602; x_wconf 90' lang='lat' dir='ltr'>tam</span> <span class='ocrx_word' id='word_1_175' title='bbox 445 2557 576 2624; x_wconf 80' lang='lat' dir='ltr'>graves,</span> <span class='ocrx_word' id='word_1_176' title='bbox 603 2543 673 2603; x_wconf 90' lang='lat' dir='ltr'>tam</span> <span class='ocrx_word' id='word_1_177' title='bbox 694 2538 803 2603; x_wconf 81' lang='lat' dir='ltr'>varias</span> <span class='ocrx_word' id='word_1_178' title='bbox 826 2560 918 2622; x_wconf 84' lang='lat' dir='ltr'>voce,</span> <span class='ocrx_word' id='word_1_179' title='bbox 939 2539 1105 2620; x_wconf 86' lang='lat' dir='ltr'>memoria,</span> <span class='ocrx_word' id='word_1_180' title='bbox 1123 2541 1180 2600; x_wconf 68' lang='lat' dir='ltr'>oon</span> 
     </span>
     <span class='ocr_line' id='line_1_32' title="bbox 196 2613 1178 2712; baseline 0.002 -22"><span class='ocrx_word' id='word_1_181' title='bbox 196 2625 283 2709; x_wconf 89' lang='lat' dir='ltr'>silio,</span> <span class='ocrx_word' id='word_1_182' title='bbox 311 2623 442 2710; x_wconf 81' lang='lat' dir='ltr'>ingenio</span> <span class='ocrx_word' id='word_1_183' title='bbox 471 2627 653 2691; x_wconf 81' lang='lat' dir='ltr'>sustinere?</span> <span class='ocrx_word' id='word_1_184' title='bbox 683 2630 821 2711; x_wconf 87' lang='lat' dir='ltr'>putasne</span> <span class='ocrx_word' id='word_1_185' title='bbox 852 2631 887 2691; x_wconf 87' lang='lat' dir='ltr'>te</span> <span class='ocrx_word' id='word_1_186' title='bbox 917 2647 1028 2712; x_wconf 88' lang='lat' dir='ltr'>posse,</span> <span class='ocrx_word' id='word_1_187' title='bbox 1060 2613 1178 2712; x_wconf 64' lang='lat' dir='ltr'>quaest</span> 
     </span>
     <span class='ocr_line' id='line_1_33' title="bbox 194 2713 1179 2801; baseline 0.003 -22"><span class='ocrx_word' id='word_1_188' title='bbox 194 2713 314 2779; x_wconf 87' lang='lat' dir='ltr'>Verres</span> <span class='ocrx_word' id='word_1_189' title='bbox 335 2713 371 2777; x_wconf 91' lang='lat' dir='ltr'>in</span> <span class='ocrx_word' id='word_1_190' title='bbox 392 2718 575 2800; x_wconf 83' lang='lat' dir='ltr'>quaestura,</span> <span class='ocrx_word' id='word_1_191' title='bbox 598 2737 680 2799; x_wconf 86' lang='lat' dir='ltr'>quae</span> <span class='ocrx_word' id='word_1_192' title='bbox 701 2715 738 2779; x_wconf 91' lang='lat' dir='ltr'>in</span> <span class='ocrx_word' id='word_1_193' title='bbox 759 2714 932 2801; x_wconf 80' lang='lat' dir='ltr'>legatione,</span> <span class='ocrx_word' id='word_1_194' title='bbox 954 2737 1038 2799; x_wconf 87' lang='lat' dir='ltr'>quae</span> <span class='ocrx_word' id='word_1_195' title='bbox 1060 2717 1094 2781; x_wconf 88' lang='lat' dir='ltr'>in</span> <span class='ocrx_word' id='word_1_196' title='bbox 1108 2727 1179 2798; x_wconf 45' lang='lat' dir='ltr'>prtt·¹</span> 
     </span>
     <span class='ocr_line' id='line_1_34' title="bbox 194 2796 1179 2888; baseline -0.001 -22"><span class='ocrx_word' id='word_1_197' title='bbox 194 2806 281 2886; x_wconf 89' lang='lat' dir='ltr'>tura,</span> <span class='ocrx_word' id='word_1_198' title='bbox 314 2823 396 2886; x_wconf 88' lang='lat' dir='ltr'>quae</span> <span class='ocrx_word' id='word_1_199' title='bbox 422 2801 559 2886; x_wconf 89' lang='lat' dir='ltr'>Romae,</span> <span class='ocrx_word' id='word_1_200' title='bbox 588 2825 671 2887; x_wconf 89' lang='lat' dir='ltr'>quae</span> <span class='ocrx_word' id='word_1_201' title='bbox 698 2803 734 2868; x_wconf 93' lang='lat' dir='ltr'>in</span> <span class='ocrx_word' id='word_1_202' title='bbox 759 2801 870 2888; x_wconf 87' lang='lat' dir='ltr'>Italia,</span> <span class='ocrx_word' id='word_1_203' title='bbox 898 2825 980 2888; x_wconf 91' lang='lat' dir='ltr'>quae</span> <span class='ocrx_word' id='word_1_204' title='bbox 1006 2805 1044 2870; x_wconf 91' lang='lat' dir='ltr'>in</span> <span class='ocrx_word' id='word_1_205' title='bbox 1068 2796 1179 2874; x_wconf 63' lang='lat' dir='ltr'>Achaiai</span> 
     </span>
     <span class='ocr_line' id='line_1_35' title="bbox 193 2887 1178 2976; baseline -0.004 -22"><span class='ocrx_word' id='word_1_206' title='bbox 193 2889 276 2956; x_wconf 81' lang='lat' dir='ltr'>Asia</span> <span class='ocrx_word' id='word_1_207' title='bbox 306 2889 564 2976; x_wconf 85' lang='lat' dir='ltr'>Pamphyliaque</span> <span class='ocrx_word' id='word_1_208' title='bbox 594 2891 751 2976; x_wconf 88' lang='lat' dir='ltr'>peccarit,</span> <span class='ocrx_word' id='word_1_209' title='bbox 787 2914 838 2976; x_wconf 89' lang='lat' dir='ltr'>ea,</span> <span class='ocrx_word' id='word_1_210' title='bbox 870 2913 966 2976; x_wconf 89' lang='lat' dir='ltr'>quem</span> <span class='ocrx_word' id='word_1_211' title='bbox 998 2893 1041 2957; x_wconf 91' lang='lat' dir='ltr'>ad</span> <span class='ocrx_word' id='word_1_212' title='bbox 1071 2887 1178 2956; x_wconf 83' lang='lat' dir='ltr'>modun</span> 
     </span>
     <span class='ocr_line' id='line_1_36' title="bbox 194 2971 1178 3064; baseline 0 -22"><span class='ocrx_word' id='word_1_213' title='bbox 194 2977 276 3044; x_wconf 87' lang='lat' dir='ltr'>locis</span> <span class='ocrx_word' id='word_1_214' title='bbox 311 2978 576 3062; x_wconf 90' lang='lat' dir='ltr'>temporibusque</span> <span class='ocrx_word' id='word_1_215' title='bbox 612 2979 717 3044; x_wconf 88' lang='lat' dir='ltr'>divisa</span> <span class='ocrx_word' id='word_1_216' title='bbox 752 2979 830 3064; x_wconf 88' lang='lat' dir='ltr'>sint,</span> <span class='ocrx_word' id='word_1_217' title='bbox 867 2981 914 3045; x_wconf 90' lang='lat' dir='ltr'>sic</span> <span class='ocrx_word' id='word_1_218' title='bbox 950 2981 1130 3045; x_wconf 87' lang='lat' dir='ltr'>criminibus</span> <span class='ocrx_word' id='word_1_219' title='bbox 1154 2971 1178 3033; x_wconf 69' lang='lat' dir='ltr'>tl</span> 
     </span>
     <span class='ocr_line' id='line_1_37' title="bbox 195 3057 1178 3154; baseline 0.011 -27"><span class='ocrx_word' id='word_1_220' title='bbox 195 3066 342 3131; x_wconf 86' lang='lat' dir='ltr'>oratione</span> <span class='ocrx_word' id='word_1_221' title='bbox 369 3066 591 3154; x_wconf 77' lang='lat' dir='ltr'>distinguere?</span> <span class='ocrx_word' id='word_1_222' title='bbox 621 3072 761 3152; x_wconf 86' lang='lat' dir='ltr'>putasne</span> <span class='ocrx_word' id='word_1_223' title='bbox 788 3072 821 3131; x_wconf 88' lang='lat' dir='ltr'>te</span> <span class='ocrx_word' id='word_1_224' title='bbox 847 3089 958 3152; x_wconf 85' lang='lat' dir='ltr'>posse,</span> <span class='ocrx_word' id='word_1_225' title='bbox 986 3069 1020 3134; x_wconf 92' lang='lat' dir='ltr'>id</span> <span class='ocrx_word' id='word_1_226' title='bbox 1052 3057 1178 3153; x_wconf 74' lang='lat' dir='ltr'>quodill</span> 
     </span>
     <span class='ocr_line' id='line_1_38' title="bbox 194 3149 1161 3239; baseline 0.003 -24"><span class='ocrx_word' id='word_1_227' title='bbox 194 3149 290 3216; x_wconf 89' lang='lat' dir='ltr'>huius</span> <span class='ocrx_word' id='word_1_228' title='bbox 313 3153 402 3218; x_wconf 91' lang='lat' dir='ltr'>modi</span> <span class='ocrx_word' id='word_1_229' title='bbox 423 3176 479 3220; x_wconf 87' lang='lat' dir='ltr'>reo</span> <span class='ocrx_word' id='word_1_230' title='bbox 509 3155 649 3220; x_wconf 81' lang='lat' dir='ltr'>maxime</span> <span class='ocrx_word' id='word_1_231' title='bbox 674 3157 893 3222; x_wconf 86' lang='lat' dir='ltr'>necessarium</span> <span class='ocrx_word' id='word_1_232' title='bbox 920 3160 983 3239; x_wconf 84' lang='lat' dir='ltr'>est,</span> <span class='ocrx_word' id='word_1_233' title='bbox 1009 3156 1161 3236; x_wconf 62' lang='lat' dir='ltr'>faceret</span> 
     </span>
     <span class='ocr_line' id='line_1_39' title="bbox 195 3233 1159 3346; baseline 0.004 -44"><span class='ocrx_word' id='word_1_234' title='bbox 195 3258 277 3321; x_wconf 88' lang='lat' dir='ltr'>quae</span> <span class='ocrx_word' id='word_1_235' title='bbox 290 3240 348 3304; x_wconf 90' lang='lat' dir='ltr'>ilie</span> <span class='ocrx_word' id='word_1_236' title='bbox 361 3241 545 3327; x_wconf 87' lang='lat' dir='ltr'>libidinose,</span> <span class='ocrx_word' id='word_1_237' title='bbox 558 3265 641 3344; x_wconf 79' lang='lat' dir='ltr'>qqae</span> <span class='ocrx_word' id='word_1_238' title='bbox 650 3244 785 3346; x_wconf 65' lang='lat' dir='ltr'>unciario,</span> <span class='ocrx_word' id='word_1_239' title='bbox 799 3266 881 3328; x_wconf 86' lang='lat' dir='ltr'>quae</span> <span class='ocrx_word' id='word_1_240' title='bbox 894 3244 1067 3310; x_wconf 89' lang='lat' dir='ltr'>crudeliter</span> <span class='ocrx_word' id='word_1_241' title='bbox 1073 3243 1122 3346; x_wconf 30' lang='lat' dir='ltr'>&#39;fec</span> <span class='ocrx_word' id='word_1_242' title='bbox 1152 3233 1159 3248; x_wconf 82' lang='grc'><strong>’</strong></span> 
     </span>
     <span class='ocr_line' id='line_1_40' title="bbox 195 3331 1151 3506; baseline 0.008 -30"><span class='ocrx_word' id='word_1_243' title='bbox 195 3331 1110 3506; x_wconf 60' lang='lat' dir='ltr'>titt?tttttttttltt,ttttttt¹¹t’</span> <span class='ocrx_word' id='word_1_244' title='bbox 1136 3347 1151 3408; x_wconf 78' lang='lat'>‘¹</span> 
     </span>
    </p>
   </div>
   <div class='ocr_carea' id='block_1_8' title="bbox 0 0 1200 3938">
    <p class='ocr_par' dir='ltr' id='par_1_9' title="bbox 0 0 1200 3938">
     <span class='ocr_line' id='line_1_41' title="bbox 0 0 1200 3938; baseline 0 0"><span class='ocrx_word' id='word_1_245' title='bbox 0 0 1200 3938; x_wconf 95' lang='lat' dir='ltr'> </span> 
     </span>
    </p>
   </div>
   <div class='ocr_carea' id='block_1_9' title="bbox 194 3479 1176 3909">
    <p class='ocr_par' dir='ltr' id='par_1_10' title="bbox 194 3479 1176 3909">
     <span class='ocr_line' id='line_1_42' title="bbox 194 3479 1176 3909; baseline 0.016 -350"><span class='ocrx_word' id='word_1_246' title='bbox 194 3502 271 3561; x_wconf 90' lang='lat' dir='ltr'>sunt</span> <span class='ocrx_word' id='word_1_247' title='bbox 293 3518 340 3580; x_wconf 87' lang='lat' dir='ltr'>ea,</span> <span class='ocrx_word' id='word_1_248' title='bbox 363 3520 446 3581; x_wconf 87' lang='lat' dir='ltr'>quae</span> <span class='ocrx_word' id='word_1_249' title='bbox 469 3502 549 3586; x_wconf 89' lang='lat' dir='ltr'>dico,</span> <span class='ocrx_word' id='word_1_250' title='bbox 572 3505 654 3569; x_wconf 90' lang='lat' dir='ltr'>mihi</span> <span class='ocrx_word' id='word_1_251' title='bbox 672 3508 777 3594; x_wconf 83' lang='lat' dir='ltr'>crede3</span> <span class='ocrx_word' id='word_1_252' title='bbox 800 3509 869 3574; x_wconf 90' lang='lat' dir='ltr'>noli</span> <span class='ocrx_word' id='word_1_253' title='bbox 886 3509 966 3576; x_wconf 89' lang='lat' dir='ltr'>haec</span> <span class='ocrx_word' id='word_1_254' title='bbox 984 3479 1176 3909; x_wconf 59' lang='lat' dir='ltr'>conuneq</span> 
     </span>
    </p>
   </div>
  </div>
 </body>
</html>
