2402 3936
151 153 217 218 260
453 151 493 205 IN
512 151 541 207 0.
561 149 714 207 VERREM
732 151 811 207 ACT.
832 151 866 206 Π.

150 295 405 362 fortissimorum
422 295 751 379 fidelissimorumque
774 296 947 379 sooiorum3
973 314 1032 359 eos
1054 313 1154 358 ornnes

151 385 214 450 hoo
249 384 418 469 statuisse,
454 387 699 448 monumentum
733 384 830 449 istius
866 383 901 448 in
936 403 1000 448 aua
1034 381 1155 446 eivitate
1187 411 1188 460 ;

101 491 152 543 164
169 473 297 538 nullum
319 493 390 538 esse
412 475 571 556 oportere.
611 469 702 536 Haeo
724 476 797 537 tum
819 471 967 555 dioerem,
992 469 1024 535 ai
1042 473 1156 534 statuas
1187 493 1188 516 ι

152 561 306 627 Metellus
332 583 399 626 non
429 561 635 646 reposuisset.
681 559 792 625 Velim
823 579 980 644 quaerere
1012 579 1101 623 nuno
1128 577 1159 621 ex

152 651 225 734 ipso
247 647 396 732 Metello,
423 647 578 733 quidnam
606 667 665 714 sue
691 647 724 712 ιι
747 653 781 713 et
803 647 1003 714 austeritate
1027 646 1109 710 milri
1129 659 1179 708 ers

152 739 215 804 hae
241 737 389 802 oratione
415 736 618 838 praeciderit.
662 734 787 801 Eadem
815 736 932 821 opinor
958 735 1076 801 omnia
1096 753 1161 798 eon-

153 826 271 890 venire.
302 823 416 909 Neque
435 825 530 908 enim,
553 825 581 889 si
595 825 736 890 maxime
748 828 878 890 statuae
892 824 1043 890 deiectae
1056 827 1161 902 essent,

153 933 214 998 ego
248 933 302 978 eas
333 912 427 978 vobis
459 933 590 997 possem
620 913 763 979 iaoantes
794 913 978 996 ostendere3
1014 912 1080 976 hoo
1106 929 1161 973 uno

152 1005 270 1085 uterer,
284 1001 452 1066 divitatem
464 1004 535 1066 tam
549 1021 683 1087 gravem
696 1001 856 1068 iudicasse
869 997 1161 1067 nauseaveris

154 1052 383 1156 demoliendas.
436 1087 509 1155 Ηοο
545 1089 627 1154 mihi
648 1088 803 1156 Metellus
837 1109 904 1155 non
935 1089 1076 1174 eripuit3
1110 1086 1161 1151 hoe

154 1178 254 1244 etiam
273 1178 405 1263 addidit,
427 1181 465 1242 ut
488 1197 647 1262 quererer,
670 1177 699 1242 si
721 1177 802 1242 mihi
819 1177 997 1262 rideretur,
1021 1175 1122 1242 tam
1114 1173 1161 1238 ιι

153 1287 218 1367 quo
245 1265 315 1331 iare
342 1266 438 1332 soeiis
468 1269 567 1352 atque
594 1265 707 1332 amieis
734 1265 901 1351 imperari,
931 1265 1010 1330 ut
998 1265 1044 1330 ris
1070 1263 1161 1328 ιιι
1188 1295 1189 1354 ι

155 1355 221 1420 suis
240 1355 370 1439 quidem
388 1354 553 1419 benefieiis
571 1353 675 1419 libero
692 1354 811 1420 iudicio
831 1354 881 1418 uti
902 1353 1035 1437 liceret3
1060 1355 1098 1417 ut
1113 1369 1161 1414 ιοι
1188 1373 1189 1436 ι

153 1463 315 1527 rogarem,
336 1445 375 1506 ut
393 1441 611 1508 coniecturam
629 1443 790 1526 faceretis,
810 1442 968 1526 qualem
957 1461 997 1506 m
1014 1442 1058 1506 iis
1076 1439 1189 1504 rebus

153 1529 188 1593 in
215 1549 268 1594 me
289 1529 326 1593 L
343 1528 513 1594 Metellum
538 1529 641 1596 luisse
666 1529 877 1616 putaretis,
867 1549 902 1594 m
929 1529 1054 1614 quibus
1076 1525 1189 1592 rebare

155 1617 269 1683 obesae
297 1616 378 1682 mihi
404 1621 530 1719 posset,
557 1639 635 1690 eum
653 1618 688 1682 in
709 1618 771 1683 liae
793 1637 829 1684 re
852 1623 921 1684 tam
944 1623 1065 1703 aperta
1086 1614 1161 1699 eupi-

154 1706 257 1771 ditate
283 1704 432 1790 iuerits
423 1727 458 1770 ιι
485 1727 550 1790 qua
575 1705 659 1770 nihil
686 1706 801 1772 obfuit.
851 1704 915 1772 see
942 1727 1008 1792 ego
1036 1703 1160 1770 Metello

153 1814 221 1860 non
246 1795 371 1860 iraseor
399 1815 503 1880 neque
534 1794 565 1858 ei
595 1815 688 1859 suam
719 1794 923 1860 vacationem
955 1795 1078 1880 eripio,
1106 1811 1159 1875 qun

154 1883 211 1948 ille
235 1884 321 1970 apud
343 1901 464 1948 omnes
477 1882 590 1966 utitur,
614 1886 653 1947 ut
673 1882 756 1948 nihil
779 1881 943 1949 malitiose
964 1903 1076 1968 neque
1095 1899 1160 1945 eon-

102 1971 244 2088 69salto
267 1971 381 2037 fecisse
403 1970 560 2036 videatur.
1167 1973 1188 2014 ¹⁸

104 2099 153 2149 165
221 2058 293 2122 Iam
324 2058 427 2144 igitur
458 2062 509 2122 est
536 2055 585 2122 ita
618 2059 837 2144 perspicuum,
872 2063 910 2124 ut
944 2077 1071 2144 negare
1103 2073 1160 2119 nou

154 2145 270 2230 possis,
283 2145 409 2209 nullam
422 2145 486 2209 tibi
499 2148 644 2211 statuam
653 2147 829 2213 voluntate
842 2147 1035 2250 eqiqaquam
1052 2146 1158 2222 ιιιιι,

154 2232 280 2297 nullam
302 2232 473 2317 pecuniam
496 2237 679 2299 statuarum
699 2235 830 2301 nomine
846 2235 910 2300 nisi
927 2235 962 2300 ιι
980 2249 1158 2320 expressam

155 2325 189 2385 et
211 2323 366 2385 ooaotam.
406 2319 478 2396 Quo
501 2322 663 2406 quidem
653 2343 689 2388 m
711 2323 844 2389 erimine
866 2343 932 2389 non
954 2321 1040 2388 illud
1064 2321 1157 2388 solum

154 2408 304 2498 intellegi
326 2409 415 2494 volo,
439 2414 473 2474 te
495 2411 537 2476 ad
559 2415 687 2476 statuae
709 2409 765 2476 Hs
788 2411 909 2478 viciens
931 2412 1090 2498 ooegisee,
1111 2404 1186 2472 sed¹⁵

156 2497 260 2562 multo
288 2497 388 2563 etiam
415 2497 497 2563 illud
524 2499 645 2600 magis,
675 2499 760 2584 quod
787 2500 885 2566 simul
907 2497 1190 2566 demonstratum

156 2590 215 2671 est,
238 2589 396 2670 quantum
414 2586 551 2652 odium
541 2606 576 2651 m
593 2591 627 2651 te
645 2592 821 2672 aratorum,
844 2591 1004 2672 quantum
1023 2587 1156 2654 omnium

157 2673 340 2740 Siculorum
367 2675 412 2740 sit
434 2679 468 2740 et
489 2675 597 2740 fuerit
638 2674 677 2740 In
699 2692 765 2760 quo
786 2697 869 2760 ques
891 2681 1004 2742 vestra
1024 2672 1156 2742 detonsio

104 2775 156 2826 roe
173 2763 285 2829 future
312 2762 368 2846 sit,
399 2763 585 2828 coniectura
615 2763 749 2848 adsequi
779 2783 847 2830 non
872 2785 964 2848 queo.
1011 2763 1157 2830 Oderunt

156 2849 269 2936 Siouli3
296 2812 485 2953 togdtqrum
512 2851 598 2916 enim
626 2873 723 2917 eausa
750 2853 856 2918 multe
875 2851 960 2918 feei?
989 2885 1030 2902 ··-
1060 2852 1106 2917 Ae
1128 2846 1186 2912 hi*

157 2940 286 3022 quidem
309 2939 457 3005 acerrimi
484 2939 790 3026 inimioi[ssimique]
814 2945 966 3006 sunt.-
997 2940 1156 3006 Inimioos

155 3027 261 3092 habeo
293 3028 379 3093 oives
408 3027 586 3113 Romanos,
619 3029 705 3131 quod
737 3029 897 3095 sociorum
928 3029 1098 3096 commoda
1125 3043 1156 3089 aa

155 3113 228 3178 iura
254 3114 402 3180 defendi?
429 3151 474 3166 -··
500 3115 547 3180 At
579 3115 658 3182 socii
688 3117 723 3182 in
753 3117 898 3184 hostium
928 3137 1065 3182 numero
1096 3131 1156 3180 sere

156 3203 216 3266 aba
244 3207 277 3267 te
302 3202 434 3268 habitos
463 3209 718 3289 queruntur—
744 3204 949 3271 εἈιιιιοιιι
938 3205 1064 3271 mimioi
1090 3203 1156 3268 eunt

156 3294 291 3372 propter
309 3290 480 3355 deoumasff
494 3327 537 3340 -
551 3291 658 3369 Quid?
699 3293 732 3358 ui
747 3313 844 3380 agros
857 3294 1018 3359 immunes
1033 3287 1184 3358 liberos-³⁵

157 3394 219 3523 del?
227 3379 866 3548 gergadlstlalrllreldollmralldydddeelalffldlli
869 3377 1153 3555 gqqrugqutgrqullqn'i,
