2470 3936
161 154 229 220 432
458 153 497 207 IN
515 152 544 208 Ο.
563 152 716 208 VERREM
734 153 813 210 Acr.
832 153 867 208 11.

161 303 199 365 ut
212 319 273 384 par
289 297 362 383 fuit,
378 297 469 364 iussu
487 297 556 363 eius
572 296 731 381 hominos,
750 297 806 381 qui
824 295 984 380 [fuJerant
1000 299 1166 382 nominati,

123 384 705 542 ,cccccccccc
722 384 1167 551 meminens

431 525 440 559 1
685 523 694 556 5

163 565 240 650 quid
272 563 431 630 censetis?
466 562 591 628 furtum
622 561 763 627 fortasse
790 567 848 627 aut
874 564 1032 648 praedam
1060 569 1168 650 exp'cc

162 655 243 719 tatis
275 653 428 738 aliquam.
472 649 586 716 Nolite
610 671 713 735 usque
739 671 867 736 quaque
893 651 981 717 idern
1009 673 1191 738 quaereres

162 741 202 807 In
224 746 314 806 metu
335 740 415 806 belli
436 739 567 805 furandi
589 739 679 806 locus
703 739 759 823 qui
780 743 892 824 potest
914 741 1011 807 esse?
1043 743 1170 808 etiamsi

163 851 228 914 qua
253 829 318 894 fuit
343 829 379 893 in
404 828 466 895 hac
492 829 528 892 re
554 827 694 912 occasio,
721 829 955 913 praetermissa
980 835 1043 895 est
1092 829 1170 896 Tum

163 918 271 1002 po‘tuit
303 940 323 982 a
354 916 498 982 Leonida
528 934 735 982 nummorum
767 916 891 1000 aliquid
923 917 1069 1004 auferre,
1102 941 1170 984 oum

164 1005 376 1090 denuntiavit,
397 1010 436 1071 ut
453 1004 595 1087 adesset3
616 1002 680 1068 fuit
699 1005 892 1070 nundinatio
916 1005 1041 1092 aliqua,
1064 1007 1171 1072 otiati

163 1117 230 1160 non
251 1117 350 1176 nova,
375 1115 417 1158 ne
439 1113 570 1160 oausam
592 1091 749 1176 dicerent3
776 1092 876 1158 etiarn
899 1095 985 1159 alter
1008 1097 1116 1181 locus,
1139 1101 1204 1160 uta

165 1183 425 1266 absolverentur3
443 1179 604 1246 damnatis
623 1179 753 1264 quidem
770 1182 874 1246 sorvis
893 1203 978 1266 quae
995 1185 1172 1270 praedandi

164 1277 367 1357 potestesse
389 1269 496 1336 ratio?
520 1267 655 1355 produci
676 1269 719 1334 ad
740 1269 936 1355 supplicium
958 1291 1098 1338 neeesse
1118 1279 1173 1339 eet

164 1359 279 1425 'l'estee
302 1360 389 1424 enim
412 1363 501 1441 sunt,
528 1358 641 1442 quiin
663 1358 798 1423 oonsilio
820 1357 968 1443 fuerunt,
989 1365 1101 1428 testes
1121 1384 1173 1450 pu·

163 1448 269 1512 blicac
295 1447 442 1531 tabulae,
468 1443 564 1510 testis
591 1446 852 1530 splendidissima
879 1447 997 1514 civitas
1020 1449 1173 1535 Lilybae-

163 1539 254 1618 tana,
297 1535 393 1599 testis
435 1534 683 1599 honestissimus
727 1536 951 1621 maximusque
993 1545 1205 1604 conventura

164 1624 283 1689 civium
319 1623 555 1706 Romanorum
590 1622 661 1686 fieri
696 1623 779 1696 nihil
814 1628 939 1708 potest,
975 1627 1173 1711 producendi
1222 1657 1223 1686 ;

164 1715 250 1778 sunt.
298 1710 415 1797 Itaque
448 1709 670 1796 producuntur
700 1714 735 1775 et
764 1711 807 1777 ad
836 1713 951 1798 palum
983 1715 1174 1802 alligantur.

115 1821 147 1870 11
165 1801 278 1879 Etiam
308 1822 394 1866 nunc
425 1799 506 1864 mihi
533 1803 703 1884 expectare
729 1800 896 1886 videmini,
926 1802 1066 1887 iudices,
1101 1805 1173 1890 quid

165 1889 280 1954 deinde
301 1889 426 1955 factum
449 1888 502 1971 sit,
524 1886 610 1972 quod
632 1887 696 1952 iste
716 1887 800 1968 nihil
823 1910 979 1974 umquam
1001 1890 1086 1958 fecit
1108 1895 1172 1958 sine

165 1978 276 2059 aliquo
304 1980 442 2063 quaestu
469 1980 568 2060 atque
593 1975 723 2061 praeda
768 1976 852 2054 Quid
876 1979 911 2042 in
933 1978 1003 2044 eius
1026 1982 1120 2046 modi
1141 1997 1205 2045 rea

164 2066 236 2130 fieri
258 2065 389 2149 potuit?
427 2061 520 2139 Quod
542 2063 747 2130 commodum
769 2069 833 2149 cst,
854 2070 1025 2151 expectate
1046 2068 1172 2136 facinus

165 2173 263 2236 quam
284 2151 385 2216 voltis
408 2151 606 2235 improbum3
631 2153 758 2218 vincam
779 2157 890 2219 tamen
912 2158 1171 2240 expectationem

165 2239 319 2305 omnium.
358 2237 515 2304 Homines
543 2239 676 2305 sceleris
697 2241 995 2328 coniurationisque
1017 2245 1172 2330 damnati,

165 2326 206 2394 ad
221 2327 415 2413 supplicium
428 2326 552 2411 traditi,
570 2327 612 2392 ed
627 2329 739 2412 palum
758 2330 888 2416 alligati
905 2337 1042 2418 repente
1060 2337 1170 2400 multia

164 2417 296 2482 mitibus
322 2415 492 2482 hominum
517 2413 776 2501 inspectantibus
802 2420 903 2484 soluti
925 2425 1004 2486 sunt
1026 2426 1063 2488 et
1083 2423 1203 2488 'trion

165 2506 274 2572 calino
296 2505 348 2570 illi
370 2504 500 2570 domiuo
522 2504 650 2569 redditi

232 2591 316 2670 Quid
346 2592 410 2658 hoo
440 2593 512 2658 loco
541 2595 635 2677 potes
663 2592 781 2677 dicere,
812 2594 912 2660 homo
940 2598 1170 2682 amentissime,

164 2682 230 2747 nisi
257 2681 304 2764 id,
334 2679 422 2765 quod
448 2701 510 2767 ego
537 2701 604 2746 non
631 2703 764 2766 quaero,
795 2683 882 2766 quod
908 2682 1050 2770 deniquo
1075 2687 1112 2752 in
1134 2709 1169 2752 re

164 2773 234 2834 tam
256 2768 394 2853 nefaria,
421 2769 554 2834 tametsi
576 2768 719 2835 dubitari
740 2791 808 2835 non
828 2775 953 2857 potest,
980 2778 1106 2860 tamen,
1131 2797 1170 2841 ne

165 2859 194 2923 si
216 2857 383 2922 dubitetur
405 2856 547 2942 quidem,
570 2857 682 2942 quaeri
704 2861 867 2944 oporteat,
891 2860 969 2944 quid
992 2867 1052 2928 ant
1073 2881 1204 2948 quan-³⁸

165 2950 237 3011 tum
250 2949 308 3011 aut
325 2966 390 3030 quo
409 2945 506 3011 modo
524 2946 708 3030 acceperis?
739 2945 885 3013 Remitto
903 2949 966 3014 tibi
984 2951 1049 3018 hcc
1065 2957 1170 3018 totum

165 3038 264 3118 atque
286 3035 353 3099 ista
373 3037 407 3098 te
429 3055 508 3099 cura
529 3033 648 3119 libero3
668 3055 773 3120 neque
796 3036 883 3102 enim
904 3043 1025 3123 metuo,
1047 3061 1089 3106 no
1111 3041 1169 3108 hoc

165 3123 316 3206 cuiquam
351 3122 598 3207 persuadeatur,
632 3126 683 3205 ut,
699 3151 703 3158 ·
719 3123 761 3190 ad
797 3125 884 3209 quod
917 3125 1046 3192 facinus
1076 3149 1168 3195 nemo
1220 3189 1221 3204 ,

164 3215 295 3310 praeter
322 3215 356 3275 te
380 3210 450 3276 ulle
471 3211 608 3296 pecunia
630 3210 745 3278 adduci
767 3214 924 3299 potuerit,
950 3215 985 3280 id
1007 3220 1047 3282 tu
1069 3219 1168 3305 gratis

165 3315 329 3392 suscipere
357 3302 492 3398 conatus
519 3299 575 3400 sis,
619 3297 743 3402 Yerum
770 3301 809 3365 de
835 3301 901 3367 ista
926 3301 1059 3370 furandi
1082 3297 1221 3392 prae-at

114 3435 147 3555 ,⁶
352 3388 487 3552 rate
505 3385 700 3549 mitre
719 3387 850 3543 tte
872 3395 1085 3546 auerti
1106 3396 1168 3462 ³²¹⁰

130 3511 147 3557 ²
488 3521 496 3536 ·
687 3525 697 3560 ν
844 3499 883 3552 us
900 3499 935 3544 os
981 3503 1168 3568 censorque
