2404 3928
155 143 220 208 356
462 139 502 195 IN
523 139 551 195 G.
567 139 722 194 VERREM
740 139 820 195 Aer.
839 137 873 193 n

155 291 189 352 et
205 285 325 352 iudicia
347 307 460 351 serore
481 284 613 368 fiebant,
635 283 677 350 ed
698 285 783 349 bunc
804 283 975 349 bominum
998 282 1150 348 libidinem

155 397 194 441 ac
220 374 386 440 licentiam
411 395 463 438 me
486 373 619 438 abducis
642 377 689 456 et,
716 372 752 436 in
775 393 856 455 quoe
880 371 1004 455 aliquid
1025 371 1152 454 exempli

154 464 294 548 populus
312 462 478 528 Romanus
499 461 601 526 stetui
622 464 720 546 putat
742 463 901 544 oportere,
925 460 967 525 ab
989 459 1030 524 iis
1051 464 1086 524 tu
1105 459 1153 522 ds

155 551 311 617 fensionis
331 549 479 635 exempla
498 549 648 633 quaeris?
684 547 760 614 Non
777 547 871 634 fugio
888 570 930 613 ne
952 548 1014 613 hos
1037 547 1154 632 quidem

156 661 276 724 mores,
308 638 385 703 dum
416 637 512 702 modo
544 659 583 702 ox
614 637 655 701 iis
682 657 734 721 oa,
767 658 850 720 quae
879 635 999 722 probat
1026 636 1176 722 populuse

156 728 322 793 Romanus
336 726 494 810 exempla,
511 747 578 790 non
597 747 643 808 ea,
662 746 744 808 quae
762 724 967 808 condemnat,
986 745 1155 808 sequamur.

156 815 231 881 Non
249 813 515 899 circumspiciam,
537 835 604 878 non
623 833 777 896 quaeram
799 812 894 896 foris3
917 813 1025 878 babeo
1047 812 1156 877 iudices

157 908 263 968 tecum
282 903 444 987 principes
467 901 619 985 civitatis,
642 900 676 965 P.
695 899 870 966 Servilium
892 904 927 965 et
944 899 982 976 Q.
1001 899 1156 984 Catulum,

157 992 213 1075 qui
235 995 329 1056 tante
352 990 546 1056 auctoritate
570 993 660 1073 eunt,
686 989 789 1054 tantis
812 989 911 1054 rebus
935 990 1053 1075 gestis,
1075 988 1157 1054 utin

155 1079 215 1145 illo
244 1079 544 1164 antiquissimorum
569 1077 887 1161 clarissimorumque
913 1078 1097 1161 hominum,
1125 1077 1187 1141 deu

105 1174 179 1243 (211)
192 1168 309 1253 quibus
322 1172 418 1233 antea
432 1166 506 1250 dixi,
518 1187 653 1232 numero
667 1169 876 1251 reponantur.
897 1164 1064 1251 Exempla
1075 1187 1158 1251 quae

157 1257 269 1341 rimus,
291 1259 324 1321 et
343 1278 381 1321 ea
397 1276 465 1320 non
483 1255 626 1339 antiqua.
665 1253 762 1319 Modo
785 1258 923 1338 uterquc
946 1277 1060 1321 eorum
1083 1275 1158 1319 exer·

104 1354 155 1405 211
175 1345 275 1409 citum
293 1344 417 1409 babuit.
458 1341 591 1427 Quaere,
611 1341 777 1427 Hortensi,
800 1343 956 1426 quoniam
974 1347 1009 1408 te
1027 1342 1159 1409 recentia

158 1432 306 1517 exempla
326 1431 497 1516 delectant,
520 1430 598 1516 quid
620 1430 763 1496 fecerint.
803 1429 897 1496 Itane
919 1431 1022 1497 voro?
1058 1430 1094 1507 Q.
1107 1429 1159 1496 Oa·

156 1521 247 1585 tulus
277 1523 442 1585 frumento
474 1523 525 1585 oet
555 1541 647 1602 usus,
679 1519 850 1604 pecuniam
881 1539 949 1585 non
980 1520 1101 1604 codgit3
1129 1517 1189 1580 Re

158 1607 313 1673 Servilius
331 1607 587 1692 quinquennium
605 1607 758 1672 exercitui
776 1630 850 1672 cum
868 1612 1037 1692 praeesset
1054 1611 1087 1673 ot
1103 1607 1160 1672 ista

157 1697 284 1762 ratione
315 1695 585 1762 innumerabilem
616 1695 786 1780 pecuniam
812 1695 920 1761 facere
947 1717 1022 1762 cum
1049 1699 1159 1782 posset,

157 1807 224 1851 non
255 1784 373 1851 statuit
402 1785 466 1850 sibi
493 1785 665 1869 quiequam
692 1783 802 1867 licere,
824 1783 921 1886 ,qnod
947 1805 1015 1851 non
1041 1787 1160 1886 patrem

157 1896 265 2028 {llll
281 1871 1190 2046 littus.trlzl¹l¹32sls3tr¹¹ddzrl⁰rt

157 2050 281 2132 pediat,
302 2048 337 2113 id
359 2049 455 2112 licere
478 2047 586 2113 dicat?
616 2048 703 2132 quod
724 2069 819 2113 nemo
842 2049 907 2114 nisi
929 2050 1099 2134 improbus
1119 2047 1159 2112 fe

158 2136 253 2218 uerit,
274 2135 309 2198 id
332 2135 470 2200 aliorum
494 2135 643 2218 exemplo
665 2157 701 2201 se
723 2135 838 2202 fecisse
861 2136 1037 2203 defendat?
1194 2171 1195 2194 i

105 2225 147 2290 er
225 2223 272 2287 ne
298 2222 333 2286 in
356 2219 467 2287 seona
493 2221 680 2289 forestum
708 2229 767 2290 ese.
807 2224 897 2301 oute
924 2231 976 2292 ese
1002 2227 1069 2292 nes
1092 2245 1159 2291 con·

159 2310 241 2376 dicio
270 2307 420 2377 Siciliae?
452 2331 522 2395 cur,
555 2333 637 2396 quae
667 2312 791 2397 optimo
818 2314 889 2380 iuro
915 2319 1052 2400 propter
1077 2319 1159 2380 vetu-

80 2455 88 2484 ,
159 2402 293 2484 statem,
321 2398 526 2492 fidelitatem,
553 2400 831 2486 propinquitatem
858 2423 929 2468 esse
957 2403 1067 2487 debeb,
1092 2401 1187 2466 huie!

105 2503 157 2553 212
175 2488 349 2574 praecipua
366 2488 420 2552 lex
437 2487 574 2553 iniuriae
593 2489 767 2554 definitur?
798 2487 862 2555 Sed
883 2492 918 2556 in
939 2491 1014 2576 ipsa
1034 2491 1100 2556 iste
1116 2488 1158 2554 Si-

158 2576 234 2643 cilia
247 2597 314 2641 non
327 2595 481 2660 quaeram
495 2578 679 2662 exemplum
691 2576 786 2662 foris3
804 2578 867 2644 hoc
881 2579 954 2664 ipso
973 2601 1014 2644 ex
1032 2577 1158 2644 consilio
1193 2637 1194 2660 ,

158 2669 234 2730 utar
257 2664 422 2749 exemplis.
463 2663 497 2731 O.
515 2664 682 2749 Marcelle,
704 2668 739 2730 te
762 2668 902 2752 appello.
943 2665 1073 2734 Siciliae
1094 2687 1158 2752 pro

158 2754 295 2837 vinciae,
318 2773 392 2818 oum
415 2773 502 2818 esses
524 2775 584 2838 pro
608 2753 753 2839 consule,
775 2755 961 2840 praefuisti3
982 2777 1062 2822 num
1084 2774 1157 2840 quae

158 2843 193 2906 in
219 2845 277 2907 tuo
300 2841 436 2925 imperio
458 2841 613 2926 pecuniae
635 2842 737 2907 cellae
758 2844 890 2910 nomine
912 2849 1046 2910 coactae
1068 2839 1193 2924 suntlflt

158 2929 272 3013 Neque
289 2951 352 3016 ego
370 2930 433 2995 hoo
450 2929 486 2993 in
502 2933 561 2995 tua
578 2930 674 2994 laude
691 2951 792 3016 pono;
815 2933 880 2998 alia
900 2937 977 3000 sunt
999 2937 1058 2998 tua
1078 2931 1158 2996 lacte
1192 2925 1193 2994 3

159 3022 257 3100 atque
285 3017 420 3083 conside
447 3038 574 3083 summa
601 3019 697 3084 laude
723 3018 835 3105 digna,
864 3021 983 3104 quibus
1010 3022 1101 3087 illam
1126 3022 1157 3082 tu
1192 3027 1193 3122 ,

158 3104 358 3188 provinciam
391 3105 554 3171 adflictam
586 3110 620 3171 et
648 3107 809 3192 perditem
837 3109 969 3175 erexisti
996 3113 1093 3194 atque
1116 3127 1156 3171 re
1192 3133 1193 3222 p

159 3192 290 3276 creasti3
312 3215 389 3258 nam
411 3193 473 3261 hoc
493 3194 535 3259 de
558 3195 640 3261 cella
661 3217 703 3260 ne
721 3194 860 3282 Lepidus
884 3198 1015 3282 quidem
1036 3197 1156 3276 fecerat,

158 3279 210 3376 cui
235 3284 272 3377 tu
299 3281 491 3347 successisti
533 3280 622 3359 Quae
650 3287 726 3349 sunt
747 3283 810 3350 tibi
831 3286 935 3372 igitur
957 3287 1103 3372 exempla
1123 3289 1185 3346 ex*

158 3362 270 3430 Siciha
288 3367 398 3448 cellae,
420 3369 450 3433 si
467 3370 530 3435 hoo
546 3371 671 3438 crimen
692 3393 758 3437 non
780 3374 877 3440 modo
899 3373 1048 3441 Marcelli
1068 3374 1154 3452 facto,

105 3449 232 3512 erased
257 3469 299 3512 ne
321 3449 436 3535 Lepidi
462 3455 592 3539 quidem
618 3463 713 3544 potes
736 3459 928 3529 defendere?
974 3463 1029 3529 An
1050 3483 1100 3528 me
1120 3458 1155 3526 ad
