2470 3936
313 161 422 218 clav
449 162 527 220 CAP.
547 169 651 220 ae-er
670 169 686 230 a
707 169 853 220 rar-raa.
1025 161 1090 228 487

85 310 257 391 conuentu,
279 306 314 370 id
332 306 418 391 quod
437 309 534 373 antea
552 307 627 392 dixi,
648 307 785 373 nimium
807 307 981 392 diligenter
1002 328 1093 392 prae

86 396 209 460 donum
227 415 397 460 numerum
415 395 632 479 requirebant.
664 395 806 462 Haecine
823 395 913 480 plebi
925 394 1093 460 Romanae

85 487 120 548 te
134 486 285 568 praetore
300 486 350 548 est
363 483 543 548 constituta
557 484 711 568 condicio,
728 484 808 550 haec
821 483 946 570 negotii
960 483 1093 569 gerendi

86 591 171 657 spes,
194 571 256 637 hoo
274 571 389 655 capitis
408 565 558 656 vitae‘que
577 571 771 637 discrimen?
808 571 969 637 Parumne
988 571 1093 635 multa

58 659 324 725 mercatoribus
353 662 429 724 sunt
455 661 637 726 necessario
664 660 808 746 pericula
828 659 1001 726 subeunda
1027 658 1093 724 for-

85 752 195 833 tunae,
217 747 282 812 nisi
300 747 400 813 etiam
417 746 479 812 hae
496 747 686 813 formidines
709 749 751 814 ab
773 748 895 812 nostris
919 746 1094 832 magistra·

84 835 175 901 tibus
204 839 301 921 atque
327 836 362 900 in
388 835 512 901 nostris
538 836 714 920 provinciis
741 835 995 921 impendebant?
1040 834 1093 901 Ad

85 945 202 990 eamne
219 944 288 988 rem
306 922 370 988 fuit
387 923 468 989 haec
486 924 674 990 suburbana
693 946 730 989 ac
747 923 852 990 fidelis
868 923 979 990 Sicilia
996 924 1094 1009 plena

87 1012 462 1098 optimorum'sociorum
480 1011 846 1096 honestissimorumque
865 1012 993 1094 civium,
1012 1031 1093 1095 quae

48 1119 73 1160 ιο
87 1101 169 1166 civis
194 1099 359 1165 Romanos
391 1099 496 1166 omnis
527 1100 594 1165 suia
620 1101 694 1186 ipsa
721 1100 850 1166 sedibus
877 1099 1093 1166 libentissime

86 1209 215 1272 semper
237 1188 373 1272 accepit,
396 1193 445 1271 ut,
469 1188 525 1273 qui
546 1209 648 1274 usque
672 1210 711 1254 ex
731 1188 858 1254 ultuma
878 1185 972 1273 Syria
995 1191 1093 1271 atque

86 1276 241 1362 Aegypto
259 1276 463 1361 navigarent,
486 1277 542 1360 qui
561 1275 647 1362 apud
665 1276 823 1343 barbaros
841 1279 976 1361 propter
994 1279 1092 1361 togae

86 1385 207 1430 noman
224 1364 267 1429 ‚in
294 1363 416 1429 honore
443 1363 552 1449 aliquo
575 1363 728 1447 luissent,
754 1365 810 1449 qui
833 1386 872 1429 ex
894 1364 1093 1449 praedonum

86 1452 224 1537 insidiis,
247 1452 302 1536 qui
321 1452 359 1516 ex'
377 1455 610 1538 tempestatum
628 1453 782 1537 periculis
804 1451 1036 1539 profugissent,
1058 1451 1094 1515 in

49 1559 74 1601 ra
87 1538 199 1606 Sicilia
227 1540 331 1606 securi
354 1539 542 1625 ferirentur,
569 1562 643 1607 cum
665 1562 700 1606 se
722 1541 788 1606 iam
812 1540 944 1606 domum
966 1540 1093 1606 venisse

86 1628 347 1696 arbitrarentur?

154 1715 241 1782 Nam
268 1716 346 1800 quid
372 1735 434 1802 ego
461 1716 500 1781 de
526 1716 562 1780 P.
585 1714 717 1812 Gavio,
731 1713 881 1782 Consano
905 1715 1075 1800 municipe,
1095 1685 1147 1814 165i

87 1806 206 1888 dicam,
232 1804 366 1888 iudices,
394 1807 451 1869 aut
477 1825 541 1888 qua
562 1804 596 1869 ri
618 1804 721 1888 vocis,
748 1825 813 1888 qua
836 1804 999 1889 gravitate
1022 1825 1093 1870 ver·

87 1894 217 1976 borum,
245 1914 308 1976 quo
337 1892 448 1957 dolore
476 1891 576 1957 animi
604 1891 729 1957 dicam?
762 1891 896 1957 tametsi
924 1891 1017 1957 dolor
1041 1913 1093 1956 me

48 1999 74 2041 so
87 2003 153 2047 non
172 1980 292 2064 deficit3
314 1983 351 2044 ut
370 1984 477 2046 cetera
495 1979 577 2045 mihi
594 1980 628 2044 in
649 1978 782 2046 dicendo
806 1979 905 2066 digna
927 2000 971 2064 re,
994 1979 1094 2065 digna

87 2070 199 2135 dolore
224 2089 295 2133 meo
317 2071 509 2153 suppetant,
536 2068 642 2155 magis
664 2067 880 2133 laborandum
900 2071 961 2132 est
1001 2065 1094 2143 Quod

87 2158 211 2223 crimen
237 2157 306 2221 eius
333 2155 421 2221 modi
449 2160 513 2239 est,
544 2160 594 2240 ut,
624 2177 696 2222 cum
723 2155 866 2242 primum
887 2155 934 2221 ad
960 2176 1013 2220 me
1040 2155 1094 2220 de-

88 2247 193 2311 latum
212 2248 271 2328 est,
289 2265 423 2309 usurum
442 2265 494 2309 me
512 2244 572 2309 illo
589 2265 656 2309 non
674 2248 838 2329 putarem
855 2243 991 2309 tametsi
1008 2243 1094 2308 enim

87 2333 294 2401 verissimum
325 2351 395 2396 esse
424 2331 672 2418 intellegebam,
703 2336 815 2397 tamen
843 2333 995 2416 credibile
1023 2330 1094 2396 sore

51 2439 75 2480 ²⁵
88 2443 155 2488 non
191 2420 383 2486 arbitrabar.
434 2417 573 2484 Coactus
609 2419 762 2484 lacrumis
800 2421 944 2486 omnium
976 2418 1093 2484 civium

88 2509 324 2592 Romanorum,
347 2507 403 2592 qui
424 2508 460 2572 in
478 2505 589 2572 Sicilia
610 2507 834 2592 negotiantur,
857 2508 1012 2573 adductus
1031 2505 1094 2572 Va·

89 2598 299 2680 lentinorum,
334 2595 502 2661 hominum
534 2595 850 2678 honestissimorum,
887 2594 1094 2678 omniumque

88 2685 288 2771 Reginorum
314 2683 511 2750 testimoniis
539 2684 779 2768 multorumque
807 2683 952 2766 equitum
976 2681 1094 2747 Roma·

88 2796 218 2858 norum,
241 2774 297 2858 qui
320 2793 396 2839 casu
418 2775 490 2838 tum
511 2770 681 2838 Messanae
702 2771 847 2855 fuerunt,
870 2771 944 2836 dedi
965 2774 1094 2835 tantum

51 2879 76 2921 so
88 2863 196 2946 priore
210 2862 337 2927 actione
351 2859 494 2944 testium,
513 2881 565 2926 res
578 2864 616 2925 ut
629 2859 751 2924 nemini
770 2859 868 2924 dubia
885 2880 955 2924 assa
973 2861 1094 2943 posset.

89 2949 173 3028 Quid
190 2970 275 3015 nunc
293 2949 412 3035 agam?
449 2946 531 3013 Cum
549 2948 616 3013 iam
634 2949 685 3013 tot
702 2947 800 3013 horas
819 2947 858 3013 de
874 2969 939 3012 uno
959 2967 1076 3032 genere
1096 2955 1147 3006 loe

89 3060 126 3104 ac
161 3038 199 3102 de
231 3037 326 3102 istius
357 3035 482 3102 nefaria
513 3035 705 3102 crudelitate
737 3035 855 3120 dicam,
889 3057 961 3101 cum
992 3056 1094 3119 prope

89 3147 217 3192 omnem
244 3126 312 3190 vim
333 3126 507 3191 verborum
530 3125 598 3190 eius
622 3123 723 3207 modi,
751 3145 833 3207 quae
857 3125 975 3190 scelere
998 3122 1093 3189 istius

89 3215 188 3301 digna
220 3214 300 3297 sint,
331 3213 404 3278 aliis
434 3213 469 3278 in
496 3213 592 3278 rebus
620 3211 875 3297 consumpserim
901 3233 1005 3295 neque
1032 3211 1094 3278 hoc

50 3319 75 3360 ³⁵
87 3302 297 3388 providerim,
319 3306 357 3367 ut
377 3301 535 3367 varietate
558 3301 728 3366 criminum
751 3321 809 3366 vos
834 3300 984 3365 adtentos
1007 3303 1094 3366 tena-

88 3413 171 3475 rem,
199 3409 294 3474 quem
322 3389 363 3455 ad
390 3388 522 3455 modum
550 3388 588 3453 de
614 3392 709 3454 tanta
735 3389 920 3454 redicam?
961 3387 1094 3474 Opinor,
1227 3405 1228 3480 p

88 3501 170 3546 unus
185 3477 301 3546 modus
315 3481 412 3562 atque
426 3499 491 3542 una
509 3478 594 3544 ratio
614 3482 677 3563 est3
696 3499 765 3543 ram
782 3477 818 3542 in
835 3477 941 3543 medio
959 3497 1094 3562 ponam;
