<?xml version="1.0" encoding="UTF-8"?>
<!DOCTYPE html PUBLIC "-//W3C//DTD XHTML 1.0 Transitional//EN"
    "http://www.w3.org/TR/xhtml1/DTD/xhtml1-transitional.dtd">
<html xmlns="http://www.w3.org/1999/xhtml" xml:lang="en" lang="en">
 <head>
  <title>
</title>
<meta http-equiv="Content-Type" content="text/html;charset=utf-8" />
  <meta name='ocr-system' content='tesseract 3.04.00' />
  <meta name='ocr-capabilities' content='ocr_page ocr_carea ocr_par ocr_line ocrx_word'/>
</head>
<body>
  <div class='ocr_page' id='page_1' title='image "./mtulliiciceroni02mlgoog/mtulliiciceroni02mlgoog_0321.png"; bbox 0 0 2392 3944; ppageno 0'>
   <div class='ocr_carea' id='block_1_1' title="bbox 149 157 855 226">
    <p class='ocr_par' dir='ltr' id='par_1_1' title="bbox 149 157 855 226">
     <span class='ocr_line' id='line_1_1' title="bbox 149 157 855 226; baseline -0.016 0"><span class='ocrx_word' id='word_1_1' title='bbox 149 161 216 226; x_wconf 84' lang='grc'><strong>204</strong></span> <span class='ocrx_word' id='word_1_2' title='bbox 449 160 490 215; x_wconf 76' lang='lat' dir='ltr'><strong>ln</strong></span> <span class='ocrx_word' id='word_1_3' title='bbox 508 159 537 214; x_wconf 84' lang='lat' dir='ltr'><strong>C.</strong></span> <span class='ocrx_word' id='word_1_4' title='bbox 551 159 706 214; x_wconf 83' lang='lat' dir='ltr'><strong>VERREM</strong></span> <span class='ocrx_word' id='word_1_5' title='bbox 724 157 801 215; x_wconf 78' lang='lat' dir='ltr'><strong>ACT.</strong></span> <span class='ocrx_word' id='word_1_6' title='bbox 820 159 855 215; x_wconf 87' lang='grc' dir='ltr'><strong>Π.</strong></span> 
     </span>
    </p>
   </div>
   <div class='ocr_carea' id='block_1_2' title="bbox 100 301 1192 3560">
    <p class='ocr_par' dir='ltr' id='par_1_2' title="bbox 100 301 1191 2238">
     <span class='ocr_line' id='line_1_2' title="bbox 149 301 1150 388; baseline -0.003 -18"><span class='ocrx_word' id='word_1_7' title='bbox 149 304 326 370; x_wconf 83' lang='lat' dir='ltr'><strong>maximam</strong></span> <span class='ocrx_word' id='word_1_8' title='bbox 343 301 513 370; x_wconf 72' lang='lat' dir='ltr'><strong>Messanae</strong></span> <span class='ocrx_word' id='word_1_9' title='bbox 532 325 603 369; x_wconf 89' lang='lat' dir='ltr'><strong>esse</strong></span> <span class='ocrx_word' id='word_1_10' title='bbox 623 303 753 387; x_wconf 86' lang='lat' dir='ltr'><strong>publice</strong></span> <span class='ocrx_word' id='word_1_11' title='bbox 776 302 898 369; x_wconf 76' lang='lat' dir='ltr'><strong>coactis</strong></span> <span class='ocrx_word' id='word_1_12' title='bbox 921 303 1029 388; x_wconf 88' lang='lat' dir='ltr'><strong>operis</strong></span> <span class='ocrx_word' id='word_1_13' title='bbox 1052 303 1150 368; x_wconf 86' lang='lat' dir='ltr'><strong>aedifi-</strong></span> 
     </span>
     <span class='ocr_line' id='line_1_3' title="bbox 150 390 1151 478; baseline -0.002 -20"><span class='ocrx_word' id='word_1_14' title='bbox 150 397 271 478; x_wconf 79' lang='lat' dir='ltr'><strong>catam3</strong></span> <span class='ocrx_word' id='word_1_15' title='bbox 287 393 437 477; x_wconf 75' lang='lat' dir='ltr'><strong>idemque</strong></span> <span class='ocrx_word' id='word_1_16' title='bbox 455 390 724 458; x_wconf 85' lang='lat' dir='ltr'><strong>Mamertinorum</strong></span> <span class='ocrx_word' id='word_1_17' title='bbox 745 392 874 477; x_wconf 80' lang='lat' dir='ltr'><strong>legatus</strong></span> <span class='ocrx_word' id='word_1_18' title='bbox 893 390 990 456; x_wconf 90' lang='lat' dir='ltr'><strong>istius</strong></span> <span class='ocrx_word' id='word_1_19' title='bbox 1008 391 1151 456; x_wconf 88' lang='lat' dir='ltr'><strong>laudator</strong></span> 
     </span>
     <span class='ocr_line' id='line_1_4' title="bbox 149 480 1153 565; baseline -0.003 -18"><span class='ocrx_word' id='word_1_20' title='bbox 149 503 216 548; x_wconf 90' lang='lat' dir='ltr'><strong>non</strong></span> <span class='ocrx_word' id='word_1_21' title='bbox 238 481 345 548; x_wconf 88' lang='lat' dir='ltr'><strong>solum</strong></span> <span class='ocrx_word' id='word_1_22' title='bbox 367 481 468 547; x_wconf 82' lang='lat' dir='ltr'><strong>istum</strong></span> <span class='ocrx_word' id='word_1_23' title='bbox 489 480 577 546; x_wconf 87' lang='lat' dir='ltr'><strong>bone</strong></span> <span class='ocrx_word' id='word_1_24' title='bbox 599 501 672 565; x_wconf 89' lang='lat' dir='ltr'><strong>sua,</strong></span> <span class='ocrx_word' id='word_1_25' title='bbox 694 501 807 545; x_wconf 89' lang='lat' dir='ltr'><strong>verum</strong></span> <span class='ocrx_word' id='word_1_26' title='bbox 830 480 929 545; x_wconf 88' lang='lat' dir='ltr'><strong>etiam</strong></span> <span class='ocrx_word' id='word_1_27' title='bbox 954 499 1047 544; x_wconf 88' lang='lat' dir='ltr'><strong>sacra</strong></span> <span class='ocrx_word' id='word_1_28' title='bbox 1070 480 1153 544; x_wconf 90' lang='lat' dir='ltr'><strong>deos·</strong></span> 
     </span>
     <span class='ocr_line' id='line_1_5' title="bbox 151 567 1188 672; baseline -0.004 -37"><span class='ocrx_word' id='word_1_29' title='bbox 151 592 215 656; x_wconf 91' lang='lat' dir='ltr'><strong>quo</strong></span> <span class='ocrx_word' id='word_1_30' title='bbox 249 573 383 672; x_wconf 77' lang='lat' dir='ltr'><strong>penates</strong></span> <span class='ocrx_word' id='word_1_31' title='bbox 396 657 403 671; x_wconf 91' lang='lat'><strong>.</strong></span> <span class='ocrx_word' id='word_1_32' title='bbox 416 591 437 634; x_wconf 92' lang='lat' dir='ltr'><strong>a</strong></span> <span class='ocrx_word' id='word_1_33' title='bbox 468 569 645 634; x_wconf 89' lang='lat' dir='ltr'><strong>maioribus</strong></span> <span class='ocrx_word' id='word_1_34' title='bbox 682 567 821 670; x_wconf 84' lang='lat' dir='ltr'><strong>traditos</strong></span> <span class='ocrx_word' id='word_1_35' title='bbox 854 589 893 632; x_wconf 86' lang='lat' dir='ltr'><strong>ex</strong></span> <span class='ocrx_word' id='word_1_36' title='bbox 924 567 1059 632; x_wconf 86' lang='lat' dir='ltr'><strong>aedibus</strong></span> <span class='ocrx_word' id='word_1_37' title='bbox 1092 569 1153 632; x_wconf 89' lang='lat' dir='ltr'><strong>suis</strong></span> <span class='ocrx_word' id='word_1_38' title='bbox 1187 583 1188 594; x_wconf 70' lang='lat'><em>²</em></span> 
     </span>
     <span class='ocr_line' id='line_1_6' title="bbox 150 655 1174 848; baseline -0.003 -37"><span class='ocrx_word' id='word_1_39' title='bbox 150 657 460 832; x_wconf 66' lang='lat' dir='ltr'><strong>sarran.</strong></span> <span class='ocrx_word' id='word_1_40' title='bbox 478 655 1174 848; x_wconf 58' lang='lat' dir='ltr'><strong>reseransque</strong></span> 
     </span>
     <span class='ocr_line' id='line_1_7' title="bbox 151 832 1155 935; baseline -0.003 -36"><span class='ocrx_word' id='word_1_41' title='bbox 151 839 250 918; x_wconf 90' lang='lat' dir='ltr'><strong>atque</strong></span> <span class='ocrx_word' id='word_1_42' title='bbox 275 833 464 935; x_wconf 78' lang='lat' dir='ltr'><strong>repetendo!</strong></span> <span class='ocrx_word' id='word_1_43' title='bbox 509 833 619 917; x_wconf 85' lang='lat' dir='ltr'><strong>Atque</strong></span> <span class='ocrx_word' id='word_1_44' title='bbox 647 853 685 898; x_wconf 87' lang='lat' dir='ltr'><strong>aa</strong></span> <span class='ocrx_word' id='word_1_45' title='bbox 710 833 784 916; x_wconf 87' lang='lat' dir='ltr'><strong>ipse</strong></span> <span class='ocrx_word' id='word_1_46' title='bbox 806 832 921 898; x_wconf 80' lang='lat' dir='ltr'><strong>civitas</strong></span> <span class='ocrx_word' id='word_1_47' title='bbox 945 853 1012 918; x_wconf 88' lang='lat' dir='ltr'><strong>qua</strong></span> <span class='ocrx_word' id='word_1_48' title='bbox 1034 833 1155 898; x_wconf 87' lang='lat' dir='ltr'><strong>ratione</strong></span> 
     </span>
     <span class='ocr_line' id='line_1_8' title="bbox 150 921 1189 1010; baseline -0.002 -24"><span class='ocrx_word' id='word_1_49' title='bbox 150 922 208 987; x_wconf 91' lang='lat' dir='ltr'><strong>isti</strong></span> <span class='ocrx_word' id='word_1_50' title='bbox 240 922 344 988; x_wconf 83' lang='lat' dir='ltr'><strong>amice</strong></span> <span class='ocrx_word' id='word_1_51' title='bbox 373 921 431 1006; x_wconf 91' lang='lat' dir='ltr'><strong>sit,</strong></span> <span class='ocrx_word' id='word_1_52' title='bbox 462 922 587 987; x_wconf 89' lang='lat' dir='ltr'><strong>dicetur</strong></span> <span class='ocrx_word' id='word_1_53' title='bbox 613 924 703 987; x_wconf 88' lang='lat' dir='ltr'><strong>certo</strong></span> <span class='ocrx_word' id='word_1_54' title='bbox 729 921 811 986; x_wconf 91' lang='lat' dir='ltr'><strong>loco.</strong></span> <span class='ocrx_word' id='word_1_55' title='bbox 855 921 1038 1004; x_wconf 87' lang='lat' dir='ltr'><strong>Reperictis</strong></span> <span class='ocrx_word' id='word_1_56' title='bbox 1067 922 1189 1010; x_wconf 87' lang='lat' dir='ltr'><strong>enim,</strong></span> 
     </span>
     <span class='ocr_line' id='line_1_9' title="bbox 152 1007 1155 1095; baseline -0.004 -20"><span class='ocrx_word' id='word_1_57' title='bbox 152 1031 235 1095; x_wconf 87' lang='lat' dir='ltr'><strong>quae</strong></span> <span class='ocrx_word' id='word_1_58' title='bbox 252 1031 368 1076; x_wconf 90' lang='lat' dir='ltr'><strong>causae</strong></span> <span class='ocrx_word' id='word_1_59' title='bbox 385 1009 625 1075; x_wconf 84' lang='lat' dir='ltr'><strong>benivolentiae</strong></span> <span class='ocrx_word' id='word_1_60' title='bbox 643 1007 846 1074; x_wconf 75' lang='lat' dir='ltr'><strong>Mamertinis</strong></span> <span class='ocrx_word' id='word_1_61' title='bbox 865 1029 944 1094; x_wconf 78' lang='lat' dir='ltr'><strong>erga</strong></span> <span class='ocrx_word' id='word_1_62' title='bbox 962 1009 1066 1074; x_wconf 90' lang='lat' dir='ltr'><strong>istum</strong></span> <span class='ocrx_word' id='word_1_63' title='bbox 1087 1010 1155 1092; x_wconf 88' lang='lat' dir='ltr'><strong>sint,</strong></span> 
     </span>
     <span class='ocr_line' id='line_1_10' title="bbox 153 1096 1186 1183; baseline -0.003 -20"><span class='ocrx_word' id='word_1_64' title='bbox 153 1121 209 1165; x_wconf 90' lang='lat' dir='ltr'><strong>eas</strong></span> <span class='ocrx_word' id='word_1_65' title='bbox 234 1099 323 1183; x_wconf 86' lang='lat' dir='ltr'><strong>ipsas</strong></span> <span class='ocrx_word' id='word_1_66' title='bbox 351 1119 464 1164; x_wconf 87' lang='lat' dir='ltr'><strong>causas</strong></span> <span class='ocrx_word' id='word_1_67' title='bbox 491 1097 572 1163; x_wconf 85' lang='lat' dir='ltr'><strong>satis</strong></span> <span class='ocrx_word' id='word_1_68' title='bbox 594 1097 698 1162; x_wconf 85' lang='lat' dir='ltr'><strong>iustas</strong></span> <span class='ocrx_word' id='word_1_69' title='bbox 722 1117 793 1162; x_wconf 87' lang='lat' dir='ltr'><strong>asse</strong></span> <span class='ocrx_word' id='word_1_70' title='bbox 816 1096 1044 1162; x_wconf 76' lang='lat' dir='ltr'><strong>damnationis.</strong></span> <span class='ocrx_word' id='word_1_71' title='bbox 1086 1097 1186 1161; x_wconf 73' lang='lat' dir='ltr'><strong>Aliso</strong></span> 
     </span>
     <span class='ocr_line' id='line_1_11' title="bbox 100 1182 1190 1271; baseline 0 -23"><span class='ocrx_word' id='word_1_72' title='bbox 100 1199 134 1248; x_wconf 78' lang='grc' dir='ltr'><strong>ιι</strong></span> <span class='ocrx_word' id='word_1_73' title='bbox 153 1188 269 1253; x_wconf 82' lang='lat' dir='ltr'><strong>civitas</strong></span> <span class='ocrx_word' id='word_1_74' title='bbox 300 1188 405 1271; x_wconf 88' lang='lat' dir='ltr'><strong>nulla,</strong></span> <span class='ocrx_word' id='word_1_75' title='bbox 436 1185 570 1268; x_wconf 90' lang='lat' dir='ltr'><strong>iudices,</strong></span> <span class='ocrx_word' id='word_1_76' title='bbox 601 1185 732 1270; x_wconf 90' lang='lat' dir='ltr'><strong>publico</strong></span> <span class='ocrx_word' id='word_1_77' title='bbox 765 1184 900 1250; x_wconf 90' lang='lat' dir='ltr'><strong>consilio</strong></span> <span class='ocrx_word' id='word_1_78' title='bbox 928 1185 1053 1250; x_wconf 87' lang='lat' dir='ltr'><strong>laudat.</strong></span> <span class='ocrx_word' id='word_1_79' title='bbox 1102 1182 1190 1248; x_wconf 84' lang='lat' dir='ltr'><strong>Vis</strong></span> 
     </span>
     <span class='ocr_line' id='line_1_12' title="bbox 152 1273 1156 1358; baseline 0 -20"><span class='ocrx_word' id='word_1_80' title='bbox 152 1275 212 1339; x_wconf 92' lang='lat' dir='ltr'><strong>illa</strong></span> <span class='ocrx_word' id='word_1_81' title='bbox 231 1275 350 1340; x_wconf 88' lang='lat' dir='ltr'><strong>summi</strong></span> <span class='ocrx_word' id='word_1_82' title='bbox 367 1274 496 1358; x_wconf 88' lang='lat' dir='ltr'><strong>imperii</strong></span> <span class='ocrx_word' id='word_1_83' title='bbox 513 1277 643 1338; x_wconf 88' lang='lat' dir='ltr'><strong>tantum</strong></span> <span class='ocrx_word' id='word_1_84' title='bbox 665 1273 775 1358; x_wconf 91' lang='lat' dir='ltr'><strong>potuit</strong></span> <span class='ocrx_word' id='word_1_85' title='bbox 796 1273 882 1358; x_wconf 91' lang='lat' dir='ltr'><strong>apud</strong></span> <span class='ocrx_word' id='word_1_86' title='bbox 903 1293 1085 1357; x_wconf 87' lang='lat' dir='ltr'><strong>perpaucos</strong></span> <span class='ocrx_word' id='word_1_87' title='bbox 1107 1274 1156 1338; x_wconf 84' lang='lat' dir='ltr'><strong>ho</strong></span> 
     </span>
     <span class='ocr_line' id='line_1_13' title="bbox 153 1360 1156 1447; baseline -0.001 -20"><span class='ocrx_word' id='word_1_88' title='bbox 153 1363 270 1446; x_wconf 89' lang='lat' dir='ltr'><strong>mines,</strong></span> <span class='ocrx_word' id='word_1_89' title='bbox 305 1383 372 1428; x_wconf 93' lang='lat' dir='ltr'><strong>non</strong></span> <span class='ocrx_word' id='word_1_90' title='bbox 408 1362 569 1447; x_wconf 78' lang='lat' dir='ltr'><strong>civitates,</strong></span> <span class='ocrx_word' id='word_1_91' title='bbox 603 1364 642 1426; x_wconf 93' lang='lat' dir='ltr'><strong>ut</strong></span> <span class='ocrx_word' id='word_1_92' title='bbox 678 1364 735 1427; x_wconf 86' lang='lat' dir='ltr'><strong>aut</strong></span> <span class='ocrx_word' id='word_1_93' title='bbox 770 1360 927 1426; x_wconf 78' lang='lat' dir='ltr'><strong>levissimi</strong></span> <span class='ocrx_word' id='word_1_94' title='bbox 960 1361 1096 1446; x_wconf 89' lang='lat' dir='ltr'><strong>quidam</strong></span> <span class='ocrx_word' id='word_1_95' title='bbox 1124 1383 1156 1425; x_wconf 84' lang='lat' dir='ltr'><strong>ex</strong></span> 
     </span>
     <span class='ocr_line' id='line_1_14' title="bbox 153 1447 1156 1534; baseline -0.001 -20"><span class='ocrx_word' id='word_1_96' title='bbox 153 1451 345 1515; x_wconf 82' lang='lat' dir='ltr'><strong>miserrimis</strong></span> <span class='ocrx_word' id='word_1_97' title='bbox 372 1448 665 1533; x_wconf 80' lang='lat' dir='ltr'><strong>desertissimisque</strong></span> <span class='ocrx_word' id='word_1_98' title='bbox 692 1449 820 1533; x_wconf 92' lang='lat' dir='ltr'><strong>oppidis</strong></span> <span class='ocrx_word' id='word_1_99' title='bbox 841 1448 1080 1533; x_wconf 85' lang='lat' dir='ltr'><strong>invenirentur,</strong></span> <span class='ocrx_word' id='word_1_100' title='bbox 1108 1447 1156 1534; x_wconf 92' lang='lat' dir='ltr'><strong>qui</strong></span> 
     </span>
     <span class='ocr_line' id='line_1_15' title="bbox 152 1537 1191 1623; baseline -0.002 -21"><span class='ocrx_word' id='word_1_101' title='bbox 152 1537 278 1602; x_wconf 88' lang='lat' dir='ltr'><strong>iniussn</strong></span> <span class='ocrx_word' id='word_1_102' title='bbox 298 1538 412 1623; x_wconf 90' lang='lat' dir='ltr'><strong>populi</strong></span> <span class='ocrx_word' id='word_1_103' title='bbox 434 1559 473 1602; x_wconf 88' lang='lat' dir='ltr'><strong>ac</strong></span> <span class='ocrx_word' id='word_1_104' title='bbox 496 1541 627 1603; x_wconf 88' lang='lat' dir='ltr'><strong>senatus</strong></span> <span class='ocrx_word' id='word_1_105' title='bbox 649 1537 942 1622; x_wconf 88' lang='lat' dir='ltr'><strong>proficiscerentur,</strong></span> <span class='ocrx_word' id='word_1_106' title='bbox 966 1541 1025 1603; x_wconf 88' lang='lat' dir='ltr'><strong>aut</strong></span> <span class='ocrx_word' id='word_1_107' title='bbox 1046 1537 1085 1622; x_wconf 92' lang='lat' dir='ltr'><strong>ii,</strong></span> <span class='ocrx_word' id='word_1_108' title='bbox 1108 1537 1191 1621; x_wconf 79' lang='lat' dir='ltr'><strong>quia</strong></span> 
     </span>
     <span class='ocr_line' id='line_1_16' title="bbox 154 1624 1191 1712; baseline -0.002 -21"><span class='ocrx_word' id='word_1_109' title='bbox 154 1629 269 1691; x_wconf 89' lang='lat' dir='ltr'><strong>contra</strong></span> <span class='ocrx_word' id='word_1_110' title='bbox 281 1625 381 1689; x_wconf 84' lang='lat' dir='ltr'><strong>iatum</strong></span> <span class='ocrx_word' id='word_1_111' title='bbox 395 1625 499 1712; x_wconf 81' lang='lat' dir='ltr'><strong>legati</strong></span> <span class='ocrx_word' id='word_1_112' title='bbox 515 1625 635 1691; x_wconf 86' lang='lat' dir='ltr'><strong>decreti</strong></span> <span class='ocrx_word' id='word_1_113' title='bbox 653 1628 747 1690; x_wconf 92' lang='lat' dir='ltr'><strong>erant</strong></span> <span class='ocrx_word' id='word_1_114' title='bbox 764 1628 798 1690; x_wconf 89' lang='lat' dir='ltr'><strong>et</strong></span> <span class='ocrx_word' id='word_1_115' title='bbox 814 1624 1041 1691; x_wconf 88' lang='lat' dir='ltr'><strong>testimoninm</strong></span> <span class='ocrx_word' id='word_1_116' title='bbox 1057 1626 1157 1711; x_wconf 88' lang='lat' dir='ltr'><strong>publi·</strong></span> <span class='ocrx_word' id='word_1_117' title='bbox 1190 1631 1191 1667; x_wconf 78' lang='lat'>³</span> 
     </span>
     <span class='ocr_line' id='line_1_17' title="bbox 154 1713 1157 1798; baseline -0.001 -19"><span class='ocrx_word' id='word_1_118' title='bbox 154 1735 227 1779; x_wconf 88' lang='lat' dir='ltr'><strong>cum</strong></span> <span class='ocrx_word' id='word_1_119' title='bbox 245 1713 462 1798; x_wconf 83' lang='lat' dir='ltr'><strong>mandataque</strong></span> <span class='ocrx_word' id='word_1_120' title='bbox 483 1718 684 1798; x_wconf 88' lang='lat' dir='ltr'><strong>acceperant,</strong></span> <span class='ocrx_word' id='word_1_121' title='bbox 705 1713 740 1778; x_wconf 85' lang='lat' dir='ltr'><strong>vi</strong></span> <span class='ocrx_word' id='word_1_122' title='bbox 762 1735 800 1778; x_wconf 90' lang='lat' dir='ltr'><strong>ac</strong></span> <span class='ocrx_word' id='word_1_123' title='bbox 822 1716 912 1778; x_wconf 89' lang='lat' dir='ltr'><strong>metu</strong></span> <span class='ocrx_word' id='word_1_124' title='bbox 933 1714 1157 1779; x_wconf 90' lang='lat' dir='ltr'><strong>retinerentur.</strong></span> 
     </span>
     <span class='ocr_line' id='line_1_18' title="bbox 154 1801 1157 1890; baseline -0.002 -22"><span class='ocrx_word' id='word_1_125' title='bbox 154 1801 248 1878; x_wconf 79' lang='lat' dir='ltr'><strong>Quod</strong></span> <span class='ocrx_word' id='word_1_126' title='bbox 275 1823 336 1889; x_wconf 80' lang='lat' dir='ltr'><strong>ego</strong></span> <span class='ocrx_word' id='word_1_127' title='bbox 361 1802 398 1866; x_wconf 91' lang='lat' dir='ltr'><strong>in</strong></span> <span class='ocrx_word' id='word_1_128' title='bbox 423 1802 535 1887; x_wconf 88' lang='lat' dir='ltr'><strong>paucis</strong></span> <span class='ocrx_word' id='word_1_129' title='bbox 563 1806 675 1866; x_wconf 86' lang='lat' dir='ltr'><strong>tamen</strong></span> <span class='ocrx_word' id='word_1_130' title='bbox 700 1821 762 1866; x_wconf 86' lang='lat' dir='ltr'><strong>usu</strong></span> <span class='ocrx_word' id='word_1_131' title='bbox 784 1802 913 1866; x_wconf 81' lang='lat' dir='ltr'><strong>venisse</strong></span> <span class='ocrx_word' id='word_1_132' title='bbox 934 1823 1005 1890; x_wconf 79' lang='lat' dir='ltr'><strong>nou</strong></span> <span class='ocrx_word' id='word_1_133' title='bbox 1025 1803 1157 1867; x_wconf 88' lang='lat' dir='ltr'><strong>moleste</strong></span> 
     </span>
     <span class='ocr_line' id='line_1_19' title="bbox 154 1890 1158 1976; baseline -0.001 -21"><span class='ocrx_word' id='word_1_134' title='bbox 154 1891 230 1975; x_wconf 90' lang='lat' dir='ltr'><strong>tuli,</strong></span> <span class='ocrx_word' id='word_1_135' title='bbox 257 1911 321 1976; x_wconf 87' lang='lat' dir='ltr'><strong>quo</strong></span> <span class='ocrx_word' id='word_1_136' title='bbox 348 1890 493 1974; x_wconf 87' lang='lat' dir='ltr'><strong>reliquae</strong></span> <span class='ocrx_word' id='word_1_137' title='bbox 519 1893 572 1954; x_wconf 92' lang='lat' dir='ltr'><strong>tot</strong></span> <span class='ocrx_word' id='word_1_138' title='bbox 599 1893 632 1955; x_wconf 92' lang='lat' dir='ltr'><strong>et</strong></span> <span class='ocrx_word' id='word_1_139' title='bbox 658 1892 771 1955; x_wconf 88' lang='lat' dir='ltr'><strong>tantae</strong></span> <span class='ocrx_word' id='word_1_140' title='bbox 798 1893 830 1954; x_wconf 88' lang='lat' dir='ltr'><strong>ct</strong></span> <span class='ocrx_word' id='word_1_141' title='bbox 854 1893 923 1955; x_wconf 89' lang='lat' dir='ltr'><strong>tam</strong></span> <span class='ocrx_word' id='word_1_142' title='bbox 946 1910 1063 1976; x_wconf 74' lang='lat' dir='ltr'><strong>gruum</strong></span> <span class='ocrx_word' id='word_1_143' title='bbox 1088 1890 1158 1956; x_wconf 85' lang='lat' dir='ltr'><strong>oiri·</strong></span> 
     </span>
     <span class='ocr_line' id='line_1_20' title="bbox 154 1976 1192 2064; baseline -0.001 -21"><span class='ocrx_word' id='word_1_144' title='bbox 154 1982 254 2063; x_wconf 89' lang='lat' dir='ltr'><strong>tates,</strong></span> <span class='ocrx_word' id='word_1_145' title='bbox 279 1982 352 2043; x_wconf 91' lang='lat' dir='ltr'><strong>tota</strong></span> <span class='ocrx_word' id='word_1_146' title='bbox 374 1978 512 2062; x_wconf 87' lang='lat' dir='ltr'><strong>denique</strong></span> <span class='ocrx_word' id='word_1_147' title='bbox 535 1976 646 2043; x_wconf 85' lang='lat' dir='ltr'><strong>Sicilia</strong></span> <span class='ocrx_word' id='word_1_148' title='bbox 667 1978 742 2063; x_wconf 88' lang='lat' dir='ltr'><strong>plus</strong></span> <span class='ocrx_word' id='word_1_149' title='bbox 765 1977 968 2042; x_wconf 86' lang='lat' dir='ltr'><strong>auctoritatis</strong></span> <span class='ocrx_word' id='word_1_150' title='bbox 994 1978 1081 2064; x_wconf 88' lang='lat' dir='ltr'><strong>apud</strong></span> <span class='ocrx_word' id='word_1_151' title='bbox 1104 1987 1192 2043; x_wconf 75' lang='lat' dir='ltr'><strong>voss</strong></span> 
     </span>
     <span class='ocr_line' id='line_1_21' title="bbox 154 2002 1192 2152; baseline -0.002 -21"><span class='ocrx_word' id='word_1_152' title='bbox 154 2067 300 2148; x_wconf 88' lang='lat' dir='ltr'><strong>haberet,</strong></span> <span class='ocrx_word' id='word_1_153' title='bbox 318 2087 390 2130; x_wconf 89' lang='lat' dir='ltr'><strong>cum</strong></span> <span class='ocrx_word' id='word_1_154' title='bbox 409 2064 563 2129; x_wconf 86' lang='lat' dir='ltr'><strong>videretis</strong></span> <span class='ocrx_word' id='word_1_155' title='bbox 581 2002 722 2130; x_wconf 68' lang='lat' dir='ltr'><strong>nullap&#39;</strong></span> <span class='ocrx_word' id='word_1_156' title='bbox 691 2087 725 2131; x_wconf 82' lang='lat' dir='ltr'><strong>vr</strong></span> <span class='ocrx_word' id='word_1_157' title='bbox 742 2066 884 2148; x_wconf 86' lang='lat' dir='ltr'><strong>retineri,</strong></span> <span class='ocrx_word' id='word_1_158' title='bbox 905 2066 999 2131; x_wconf 91' lang='lat' dir='ltr'><strong>nulla</strong></span> <span class='ocrx_word' id='word_1_159' title='bbox 1016 2066 1192 2152; x_wconf 85' lang='lat' dir='ltr'><strong>periculo</strong></span> 
     </span>
     <span class='ocr_line' id='line_1_22' title="bbox 154 2114 1192 2238; baseline 0 -21"><span class='ocrx_word' id='word_1_160' title='bbox 154 2114 321 2238; x_wconf 88' lang='lat' dir='ltr'><strong>prohiberi</strong></span> <span class='ocrx_word' id='word_1_161' title='bbox 351 2151 511 2237; x_wconf 83' lang='lat' dir='ltr'><strong>potuisse,</strong></span> <span class='ocrx_word' id='word_1_162' title='bbox 545 2174 609 2235; x_wconf 91' lang='lat' dir='ltr'><strong>quo</strong></span> <span class='ocrx_word' id='word_1_163' title='bbox 641 2152 749 2218; x_wconf 88' lang='lat' dir='ltr'><strong>minus</strong></span> <span class='ocrx_word' id='word_1_164' title='bbox 780 2154 1016 2238; x_wconf 84' lang='lat' dir='ltr'><strong>experirentur,</strong></span> <span class='ocrx_word' id='word_1_165' title='bbox 1047 2154 1192 2238; x_wconf 89' lang='lat' dir='ltr'><strong>ecquid</strong></span> 
     </span>
    </p>

    <p class='ocr_par' dir='ltr' id='par_1_3' title="bbox 104 2239 1189 3011">
     <span class='ocr_line' id='line_1_23' title="bbox 104 2239 1159 2414; baseline 0.002 -22"><span class='ocrx_word' id='word_1_166' title='bbox 104 2341 136 2392; x_wconf 70' lang='lat' dir='ltr'><strong>a</strong></span> <span class='ocrx_word' id='word_1_167' title='bbox 155 2239 1159 2414; x_wconf 47' lang='lat' dir='ltr'><strong>llttznmttttttlrattthnltllzltnltl.</strong></span> 
     </span>
     <span class='ocr_line' id='line_1_24' title="bbox 154 2415 1189 2502; baseline 0 -19"><span class='ocrx_word' id='word_1_168' title='bbox 154 2422 300 2484; x_wconf 85' lang='lat' dir='ltr'><strong>vestrum</strong></span> <span class='ocrx_word' id='word_1_169' title='bbox 318 2417 466 2502; x_wconf 84' lang='lat' dir='ltr'><strong>audierit,</strong></span> <span class='ocrx_word' id='word_1_170' title='bbox 487 2419 589 2482; x_wconf 87' lang='lat' dir='ltr'><strong>istum</strong></span> <span class='ocrx_word' id='word_1_171' title='bbox 607 2439 627 2482; x_wconf 89' lang='lat' dir='ltr'><strong>a</strong></span> <span class='ocrx_word' id='word_1_172' title='bbox 645 2415 856 2501; x_wconf 78' lang='lat' dir='ltr'><strong>Syracusanis</strong></span> <span class='ocrx_word' id='word_1_173' title='bbox 875 2417 1004 2502; x_wconf 87' lang='lat' dir='ltr'><strong>publice</strong></span> <span class='ocrx_word' id='word_1_174' title='bbox 1026 2418 1189 2500; x_wconf 64' lang='lat' dir='ltr'><strong>lauderis</strong></span> 
     </span>
     <span class='ocr_line' id='line_1_25' title="bbox 155 2502 1160 2591; baseline -0.002 -20"><span class='ocrx_word' id='word_1_175' title='bbox 155 2506 189 2571; x_wconf 91' lang='lat' dir='ltr'><strong>id</strong></span> <span class='ocrx_word' id='word_1_176' title='bbox 206 2506 339 2572; x_wconf 89' lang='lat' dir='ltr'><strong>tametsi</strong></span> <span class='ocrx_word' id='word_1_177' title='bbox 357 2505 465 2591; x_wconf 87' lang='lat' dir='ltr'><strong>priore</strong></span> <span class='ocrx_word' id='word_1_178' title='bbox 483 2505 611 2571; x_wconf 91' lang='lat' dir='ltr'><strong>actione</strong></span> <span class='ocrx_word' id='word_1_179' title='bbox 633 2527 672 2570; x_wconf 85' lang='lat' dir='ltr'><strong>ex</strong></span> <span class='ocrx_word' id='word_1_180' title='bbox 692 2505 836 2570; x_wconf 87' lang='lat' dir='ltr'><strong>Heraclii</strong></span> <span class='ocrx_word' id='word_1_181' title='bbox 853 2502 1049 2590; x_wconf 75' lang='lat' dir='ltr'><strong>Syracusani</strong></span> <span class='ocrx_word' id='word_1_182' title='bbox 1070 2507 1160 2570; x_wconf 89' lang='lat' dir='ltr'><strong>testi·</strong></span> 
     </span>
     <span class='ocr_line' id='line_1_26' title="bbox 154 2593 1159 2680; baseline -0.002 -20"><span class='ocrx_word' id='word_1_183' title='bbox 154 2594 265 2660; x_wconf 92' lang='lat' dir='ltr'><strong>monio</strong></span> <span class='ocrx_word' id='word_1_184' title='bbox 283 2593 373 2659; x_wconf 89' lang='lat' dir='ltr'><strong>cuius</strong></span> <span class='ocrx_word' id='word_1_185' title='bbox 396 2593 485 2658; x_wconf 90' lang='lat' dir='ltr'><strong>modi</strong></span> <span class='ocrx_word' id='word_1_186' title='bbox 507 2597 593 2658; x_wconf 89' lang='lat' dir='ltr'><strong>essct</strong></span> <span class='ocrx_word' id='word_1_187' title='bbox 614 2593 824 2680; x_wconf 78' lang='lat' dir='ltr'><strong>cognovistis,</strong></span> <span class='ocrx_word' id='word_1_188' title='bbox 845 2597 956 2660; x_wconf 87' lang='lat' dir='ltr'><strong>tamen</strong></span> <span class='ocrx_word' id='word_1_189' title='bbox 978 2594 1072 2660; x_wconf 88' lang='lat' dir='ltr'><strong>vobis</strong></span> <span class='ocrx_word' id='word_1_190' title='bbox 1096 2595 1159 2659; x_wconf 85' lang='lat' dir='ltr'><strong>alio</strong></span> 
     </span>
     <span class='ocr_line' id='line_1_27' title="bbox 155 2680 1159 2766; baseline 0.002 -20"><span class='ocrx_word' id='word_1_191' title='bbox 155 2683 241 2766; x_wconf 91' lang='lat' dir='ltr'><strong>loco,</strong></span> <span class='ocrx_word' id='word_1_192' title='bbox 267 2684 305 2747; x_wconf 91' lang='lat' dir='ltr'><strong>ut</strong></span> <span class='ocrx_word' id='word_1_193' title='bbox 332 2701 366 2746; x_wconf 88' lang='lat' dir='ltr'><strong>sc</strong></span> <span class='ocrx_word' id='word_1_194' title='bbox 393 2684 466 2746; x_wconf 80' lang='lat' dir='ltr'><strong>tota</strong></span> <span class='ocrx_word' id='word_1_195' title='bbox 492 2701 544 2745; x_wconf 86' lang='lat' dir='ltr'><strong>res</strong></span> <span class='ocrx_word' id='word_1_196' title='bbox 566 2680 700 2764; x_wconf 91' lang='lat' dir='ltr'><strong>habeat,</strong></span> <span class='ocrx_word' id='word_1_197' title='bbox 728 2681 814 2766; x_wconf 91' lang='lat' dir='ltr'><strong>quod</strong></span> <span class='ocrx_word' id='word_1_198' title='bbox 837 2681 878 2747; x_wconf 89' lang='lat' dir='ltr'><strong>ad</strong></span> <span class='ocrx_word' id='word_1_199' title='bbox 900 2703 972 2746; x_wconf 87' lang='lat' dir='ltr'><strong>earn</strong></span> <span class='ocrx_word' id='word_1_200' title='bbox 995 2682 1159 2748; x_wconf 81' lang='lat' dir='ltr'><strong>civitaten</strong></span> 
     </span>
     <span class='ocr_line' id='line_1_28' title="bbox 155 2768 1159 2856; baseline -0.001 -21"><span class='ocrx_word' id='word_1_201' title='bbox 155 2770 303 2853; x_wconf 85' lang='lat' dir='ltr'><strong>attineat,</strong></span> <span class='ocrx_word' id='word_1_202' title='bbox 326 2768 610 2834; x_wconf 87' lang='lat' dir='ltr'><strong>demonstrabitur.</strong></span> <span class='ocrx_word' id='word_1_203' title='bbox 649 2769 705 2834; x_wconf 91' lang='lat' dir='ltr'><strong>Int</strong></span> <span class='ocrx_word' id='word_1_204' title='bbox 706 2769 855 2856; x_wconf 81' lang='lat' dir='ltr'><strong>allegetis</strong></span> <span class='ocrx_word' id='word_1_205' title='bbox 874 2770 960 2834; x_wconf 89' lang='lat' dir='ltr'><strong>enim</strong></span> <span class='ocrx_word' id='word_1_206' title='bbox 982 2770 1081 2837; x_wconf 88' lang='lat' dir='ltr'><strong>nullis</strong></span> <span class='ocrx_word' id='word_1_207' title='bbox 1106 2771 1159 2835; x_wconf 86' lang='lat' dir='ltr'><strong>ho</strong></span> 
     </span>
     <span class='ocr_line' id='line_1_29' title="bbox 155 2855 1189 2943; baseline 0.002 -21"><span class='ocrx_word' id='word_1_208' title='bbox 155 2858 297 2922; x_wconf 89' lang='lat' dir='ltr'><strong>minibus</strong></span> <span class='ocrx_word' id='word_1_209' title='bbox 325 2878 521 2941; x_wconf 89' lang='lat' dir='ltr'><strong>quemquam</strong></span> <span class='ocrx_word' id='word_1_210' title='bbox 543 2860 637 2922; x_wconf 87' lang='lat' dir='ltr'><strong>tanto</strong></span> <span class='ocrx_word' id='word_1_211' title='bbox 601 2857 735 2922; x_wconf 88' lang='lat' dir='ltr'><strong>todio</strong></span> <span class='ocrx_word' id='word_1_212' title='bbox 758 2861 880 2941; x_wconf 88' lang='lat' dir='ltr'><strong>quanto</strong></span> <span class='ocrx_word' id='word_1_213' title='bbox 902 2857 1004 2923; x_wconf 67' lang='lat' dir='ltr'><strong>ntum</strong></span> <span class='ocrx_word' id='word_1_214' title='bbox 1026 2855 1159 2943; x_wconf 80' lang='lat' dir='ltr'><strong>Syracu</strong></span> <span class='ocrx_word' id='word_1_215' title='bbox 1149 2871 1189 2914; x_wconf 57' lang='grc' dir='ltr'><strong><em>ω</em></strong></span> 
     </span>
     <span class='ocr_line' id='line_1_30' title="bbox 155 2944 578 3011; baseline -0.005 -1"><span class='ocrx_word' id='word_1_216' title='bbox 155 2946 243 3010; x_wconf 88' lang='lat' dir='ltr'><strong>sanis</strong></span> <span class='ocrx_word' id='word_1_217' title='bbox 266 2949 300 3011; x_wconf 89' lang='lat' dir='ltr'><strong>et</strong></span> <span class='ocrx_word' id='word_1_218' title='bbox 322 2965 392 3010; x_wconf 87' lang='lat' dir='ltr'><strong>esse</strong></span> <span class='ocrx_word' id='word_1_219' title='bbox 415 2948 450 3009; x_wconf 90' lang='lat' dir='ltr'><strong>et</strong></span> <span class='ocrx_word' id='word_1_220' title='bbox 470 2944 578 3010; x_wconf 82' lang='lat' dir='ltr'><strong>fuisse.</strong></span> 
     </span>
    </p>

    <p class='ocr_par' dir='ltr' id='par_1_4' title="bbox 115 3026 1189 3472">
     <span class='ocr_line' id='line_1_31' title="bbox 115 3026 1159 3120; baseline 0.008 -28"><span class='ocrx_word' id='word_1_221' title='bbox 115 3026 136 3092; x_wconf 88' lang='lat'>6</span> <span class='ocrx_word' id='word_1_222' title='bbox 220 3032 268 3095; x_wconf 88' lang='lat' dir='ltr'><strong>At</strong></span> <span class='ocrx_word' id='word_1_223' title='bbox 290 3033 376 3097; x_wconf 90' lang='lat' dir='ltr'><strong>enim</strong></span> <span class='ocrx_word' id='word_1_224' title='bbox 397 3033 498 3097; x_wconf 89' lang='lat' dir='ltr'><strong>istum</strong></span> <span class='ocrx_word' id='word_1_225' title='bbox 517 3029 618 3099; x_wconf 88' lang='lat' dir='ltr'><strong>Siculi</strong></span> <span class='ocrx_word' id='word_1_226' title='bbox 640 3032 704 3098; x_wconf 88' lang='lat' dir='ltr'><strong>soli</strong></span> <span class='ocrx_word' id='word_1_227' title='bbox 724 3038 971 3120; x_wconf 87' lang='lat' dir='ltr'><strong>persequuntur,</strong></span> <span class='ocrx_word' id='word_1_228' title='bbox 994 3035 1080 3100; x_wconf 83' lang='lat' dir='ltr'><strong>cives</strong></span> <span class='ocrx_word' id='word_1_229' title='bbox 1099 3033 1159 3099; x_wconf 84' lang='lat' dir='ltr'><strong>Ro</strong></span> 
     </span>
     <span class='ocr_line' id='line_1_32' title="bbox 154 3113 1159 3208; baseline 0.003 -25"><span class='ocrx_word' id='word_1_230' title='bbox 154 3116 255 3201; x_wconf 83' lang='lat' dir='ltr'><strong>mani,</strong></span> <span class='ocrx_word' id='word_1_231' title='bbox 283 3120 396 3204; x_wconf 89' lang='lat' dir='ltr'><strong>quiin</strong></span> <span class='ocrx_word' id='word_1_232' title='bbox 418 3117 775 3206; x_wconf 87' lang='lat' dir='ltr'><strong>Sicilianeotientur,</strong></span> <span class='ocrx_word' id='word_1_233' title='bbox 800 3122 975 3187; x_wconf 83' lang='lat' dir='ltr'><strong>defendunt</strong></span> <span class='ocrx_word' id='word_1_234' title='bbox 960 3113 1159 3208; x_wconf 79' lang='lat' dir='ltr'><strong>t,diligunt,</strong></span> 
     </span>
     <span class='ocr_line' id='line_1_33' title="bbox 154 3204 1158 3309; baseline 0.004 -39"><span class='ocrx_word' id='word_1_235' title='bbox 154 3204 281 3270; x_wconf 87' lang='lat' dir='ltr'><strong>salvum</strong></span> <span class='ocrx_word' id='word_1_236' title='bbox 310 3227 381 3271; x_wconf 90' lang='lat' dir='ltr'><strong>esse</strong></span> <span class='ocrx_word' id='word_1_237' title='bbox 408 3208 551 3309; x_wconf 78' lang='lat' dir='ltr'><strong>cupiunt.</strong></span> <span class='ocrx_word' id='word_1_238' title='bbox 656 3231 759 3292; x_wconf 88' lang='lat' dir='ltr'><strong>mum,</strong></span> <span class='ocrx_word' id='word_1_239' title='bbox 791 3209 820 3275; x_wconf 91' lang='lat' dir='ltr'><strong>si</strong></span> <span class='ocrx_word' id='word_1_240' title='bbox 845 3209 893 3276; x_wconf 84' lang='lat' dir='ltr'><strong>ite</strong></span> <span class='ocrx_word' id='word_1_241' title='bbox 920 3215 1020 3294; x_wconf 89' lang='lat' dir='ltr'><strong>esset,</strong></span> <span class='ocrx_word' id='word_1_242' title='bbox 1051 3214 1158 3276; x_wconf 88' lang='lat' dir='ltr'><strong>tamen</strong></span> 
     </span>
     <span class='ocr_line' id='line_1_34' title="bbox 153 3262 1189 3384; baseline 0.01 -30"><span class='ocrx_word' id='word_1_243' title='bbox 153 3313 212 3355; x_wconf 83' lang='lat' dir='ltr'><strong>vos</strong></span> <span class='ocrx_word' id='word_1_244' title='bbox 243 3293 278 3356; x_wconf 91' lang='lat' dir='ltr'><strong>in</strong></span> <span class='ocrx_word' id='word_1_245' title='bbox 304 3293 367 3357; x_wconf 89' lang='lat' dir='ltr'><strong>hac</strong></span> <span class='ocrx_word' id='word_1_246' title='bbox 393 3295 582 3377; x_wconf 85' lang='lat' dir='ltr'><strong>quaestione</strong></span> <span class='ocrx_word' id='word_1_247' title='bbox 610 3295 648 3360; x_wconf 88' lang='lat' dir='ltr'><strong>de</strong></span> <span class='ocrx_word' id='word_1_248' title='bbox 675 3297 818 3382; x_wconf 89' lang='lat' dir='ltr'><strong>pecuniis</strong></span> <span class='ocrx_word' id='word_1_249' title='bbox 846 3262 1048 3382; x_wconf 74' lang='lat' dir='ltr'><strong>mactandis,</strong></span> <span class='ocrx_word' id='word_1_250' title='bbox 1080 3309 1189 3384; x_wconf 70' lang='lat' dir='ltr'><strong>quaa³t</strong></span> 
     </span>
     <span class='ocr_line' id='line_1_35' title="bbox 154 3377 1157 3472; baseline 0.01 -32"><span class='ocrx_word' id='word_1_251' title='bbox 154 3377 314 3441; x_wconf 90' lang='lat' dir='ltr'><strong>sociorum</strong></span> <span class='ocrx_word' id='word_1_252' title='bbox 342 3400 440 3444; x_wconf 89' lang='lat' dir='ltr'><strong>causa</strong></span> <span class='ocrx_word' id='word_1_253' title='bbox 466 3383 644 3447; x_wconf 89' lang='lat' dir='ltr'><strong>constituta</strong></span> <span class='ocrx_word' id='word_1_254' title='bbox 668 3388 718 3449; x_wconf 85' lang='lat' dir='ltr'><strong>est</strong></span> <span class='ocrx_word' id='word_1_255' title='bbox 741 3384 1017 3472; x_wconf 80' lang='lat' dir='ltr'><strong>lege11uicioque</strong></span> <span class='ocrx_word' id='word_1_256' title='bbox 1040 3387 1157 3468; x_wconf 87' lang='lat' dir='ltr'><strong>sociali,</strong></span> 
     </span>
    </p>

    <p class='ocr_par' dir='ltr' id='par_1_5' title="bbox 102 3461 1158 3560">
     <span class='ocr_line' id='line_1_36' title="bbox 102 3461 1158 3560; baseline 0.014 -37"><span class='ocrx_word' id='word_1_257' title='bbox 102 3475 135 3524; x_wconf 69' lang='grc' dir='ltr'><strong>ιι</strong></span> <span class='ocrx_word' id='word_1_258' title='bbox 153 3461 315 3528; x_wconf 88' lang='lat' dir='ltr'><strong>sociorum</strong></span> <span class='ocrx_word' id='word_1_259' title='bbox 330 3465 548 3546; x_wconf 89' lang='lat' dir='ltr'><strong>querimonias</strong></span> <span class='ocrx_word' id='word_1_260' title='bbox 563 3471 673 3536; x_wconf 91' lang='lat' dir='ltr'><strong>audire</strong></span> <span class='ocrx_word' id='word_1_261' title='bbox 687 3477 862 3557; x_wconf 89' lang='lat' dir='ltr'><strong>oporteret.</strong></span> <span class='ocrx_word' id='word_1_262' title='bbox 890 3471 952 3539; x_wconf 87' lang='lat' dir='ltr'><strong>Sed</strong></span> <span class='ocrx_word' id='word_1_263' title='bbox 970 3474 1158 3560; x_wconf 81' lang='lat' dir='ltr'><strong>intellegere</strong></span> 
     </span>
    </p>
   </div>
   <div class='ocr_carea' id='block_1_3' title="bbox 0 0 1207 3944">
    <p class='ocr_par' dir='ltr' id='par_1_6' title="bbox 0 0 1207 3944">
     <span class='ocr_line' id='line_1_37' title="bbox 0 0 1207 3944; baseline 0 0"><span class='ocrx_word' id='word_1_264' title='bbox 0 0 1207 3944; x_wconf 95' lang='lat' dir='ltr'><strong> </strong></span> 
     </span>
    </p>
   </div>
  </div>
 </body>
</html>
