2404 3928
163 175 229 239 354
462 168 549 226 mc.
569 123 873 226 1111111111

163 320 225 384 hoc
251 318 306 403 iis,
334 319 390 403 qui
417 317 552 382 aderant
578 315 670 402 (nam
698 339 817 403 magno
840 322 1001 383 conventu
1021 322 1091 382 actu
1110 325 1179 382 res'

164 407 238 494 est),
275 407 537 493 indignissimum
574 406 759 490 videbatur,
800 429 864 490 qua
899 407 935 470 in
969 428 1004 470 re
1039 411 1155 470 senatus

90 539 94 568 :
164 497 287 583 optime
306 518 343 560 ac
365 493 598 580 benignissime
621 517 695 560 curn
719 495 903 559 aratoribus
928 495 1056 580 egisset,
1077 496 1156 580 large

163 585 407 669 liberaliterque
421 583 636 668 aestimasset,
653 582 690 648 in
704 604 743 648 ea
758 605 794 647 re
812 581 963 668 praedari
980 587 1157 669 praetorem,

163 675 258 740 bonis
286 673 388 738 everti
416 676 575 755 aratores,
602 677 636 736 et
661 671 695 735 id
721 693 788 736 non
814 672 911 737 modo
937 672 1021 756 fieri,
1048 672 1101 736 sed
1119 669 1176 734 ias

163 763 247 846 fieri,
271 762 364 846 quasi
387 761 485 826 liceat
507 782 758 845 concessumque
781 760 833 824 sit.

112 858 163 915 20'5
231 849 316 927 Quid
346 849 388 914 ad
418 849 505 915 haec.
525 848 743 914 Hortensius?
778 847 900 914 falsum
933 870 1005 913 esse
1033 847 1159 913 11111111

163 939 235 1005 Hoc
262 961 439 1023 numquam
467 938 560 1002 dicct.
605 935 682 1002 Non
710 958 864 1023 magnam
886 938 949 1002 1111
971 938 1097 1002 ratione
1116 957 1160 1020 pc

165 1028 293 1094 cuniam
316 1027 469 1112 captam?
509 1024 560 1089 Ne
581 1025 617 1090 id
639 1026 768 1110 quidem
791 1025 884 1090 dicet.
925 1023 1003 1090 Non
1024 1025 1160 1090 iniuriam

163 1118 286 1183 factam
307 1113 424 1181 Siculis
448 1119 545 1199 atque
569 1114 776 1179 aratoribus?
817 1113 880 1189 Qui
902 1114 1028 1199 peterit
1051 1113 1188 1178 (11111111

166 1206 249 1281 Quid
262 1206 366 1291 igitur
382 1204 489 1268 dicet?
520 1202 648 1268 Fecisse
668 1202 759 1266 alios.
790 1201 875 1276 Quid
894 1207 945 1267 est
962 1203 1049 1267 hoc?
1067 1207 1161 1267 utrum

166 1294 293 1360 crimini
325 1291 468 1357 defensio
497 1313 539 1356 an
565 1292 739 1357 comitatus
768 1290 865 1356 exilio
894 1291 1083 1375 quaeritur?
1124 1289 1162 1352 'lu

165 1384 200 1446 in
227 1383 288 1446 hac
312 1403 347 1446 re
370 1380 501 1465 publica
525 1384 622 1464 atque
643 1379 679 1443 in
700 1379 762 1444 hac
784 1379 955 1444 hominum
979 1379 1111 1444 libidine
1131 1381 1163 1456 et,

165 1474 203 1535 ut
231 1470 335 1534 adhuc
362 1468 478 1533 habuit
502 1489 537 1532 se
560 1471 666 1533 status
688 1467 894 1552 iudiciorum,
922 1469 1025 1532 etiam
1048 1466 1163 1532 licentis

167 1561 246 1638 [nen
269 1579 308 1620 cx
329 1557 408 1640 iure,
431 1578 498 1621 non
521 1577 560 1620 ex
583 1557 769 1641 aequitate]
791 1579 859 1621 non
882 1577 921 1620 ex
943 1557 1029 1642 lege,
1051 1577 1115 1621 non
1134 1569 1190 1616 111

167 1668 217 1731 11,
248 1645 334 1731 quod
361 1644 556 1730 oportuerit,
587 1667 655 1709 non
681 1667 719 1709 ex
747 1666 800 1729 eo,
832 1645 920 1729 qued
947 1645 1091 1728 licuerit,
1119 1641 1163 1705 sed

167 1759 206 1800 ex
239 1757 290 1820 cc,
323 1735 409 1819 quod
442 1733 543 1817 aliqui
572 1733 698 1816 fecerit,
728 1732 777 1815 id,
809 1732 895 1816 quod
923 1732 1163 1818 reprehenditur,

114 1837 166 1886 206
185 1828 271 1890 reete
289 1824 413 1889 factum
432 1843 501 1886 esse
526 1821 698 1886 defendes?
739 1819 899 1885 Fecerunt
922 1821 981 1885 1111
1002 1822 1028 1904 †
1051 1820 1162 1906 quiden

168 1914 233 1978 alia
252 1935 349 1996 quam
368 1910 485 1994 multa3
508 1910 619 1975 curin
641 1908 704 1974 hcc
725 1931 790 1974 uno
813 1909 949 1974 crimine
970 1910 1039 1974 isto
1064 1927 1163 1995 genere

168 2000 363 2067 defensionis
376 1999 500 2064 uteris?
538 1995 620 2061 Sunt
639 1996 797 2081 quaedam
816 1997 948 2063 omniuo
966 1998 1002 2062 in
1020 2002 1055 2063 te
1073 1998 1191 2080 singu-¹⁰

167 2089 260 2170 laria,
284 2088 419 2171 quaein
436 2087 563 2151 nullum
581 2085 747 2150 hominem
770 2085 870 2149 alium
894 2086 958 2150 dici
980 2103 1164 2170 1111111111-

168 2175 277 2240 111111
304 2174 445 2259 possint,
473 2175 632 2258 quaedam
658 2173 721 2237 tibi
748 2195 821 2238 eum
849 2174 963 2238 multis
986 2172 1163 2239 communia

167 2263 268 2348 Ergo,
289 2266 327 2326 ut
346 2261 496 2326 omittam
515 2265 589 2328 tuos
609 2262 787 2346 peculatus,
809 2265 847 2326 ut
869 2262 912 2326 ob
934 2262 987 2327 ius
1011 2261 1163 2328 dicendum

168 2350 320 2436 pecunias
343 2354 506 2435 acceptas,
528 2355 566 2414 ut
588 2349 657 2414 eius
680 2349 769 2414 modi
791 2355 911 2433 cetera,
935 2372 1018 2434 quae
1040 2350 1163 2415 forsitan

169 2440 225 2506 alii
245 2460 372 2524 quoque
391 2438 490 2504 etiam
509 2438 653 2521 fecerint,
676 2438 767 2522 illud,
788 2438 824 2502 in
842 2460 906 2523 quo
928 2442 963 2502 te
974 2495 975 2498 ,
987 2437 1190 2524 gravisdmes

170 2529 326 2612 accusavi,
346 2528 432 2611 quod
446 2528 488 2592 ob
501 2526 706 2600 iudicandam
719 2547 789 2590 rem
801 2527 972 2612 pecuniam
991 2527 1163 2612 accepisses,

170 2618 281 2683 eadem
313 2617 379 2681 ista
405 2616 532 2681 ratione
561 2614 724 2699 defendes,
750 2613 865 2680 fecisse
895 2615 998 2680 alios?
1043 2613 1092 2679 Ut
1114 2631 1162 2696 ego

171 2705 334 2771 adsentiar
361 2704 515 2787 orationi,
547 2703 767 2768 defensionem
792 2707 904 2768 tamen
929 2723 997 2767 non
1022 2701 1163 2788 probato.

169 2794 283 2860 Potius
298 2792 435 2882 enimte
454 2792 608 2856 damnato
627 2791 742 2856 ceteris
761 2791 932 2876 augustior
949 2791 1040 2856 locus
1058 2792 1162 2875 imprc

169 2883 284 2948 bitatis
303 2880 519 2946 defendendae
538 2879 750 2964 relinquatur,
774 2900 871 2963 quam
889 2883 923 2944 te
941 2880 1093 2944 absoluto
1110 2873 1191 2954 aliis

171 2972 256 3056 quod
276 2969 498 3036 audacissume
515 2966 670 3052 fecerunt,
692 2971 779 3032 recte
796 2967 911 3032 fecisse
935 2967 1162 3060 existumentur,

118 3028 169 3154 ἓξ),
236 3059 365 3145 Lugent
383 3078 494 3122 omnes
512 3055 707 3141 provinciae,
730 3060 909 3140 queruntur
932 3077 1043 3120 omnes
1065 3050 1164 3140 populi

171 3146 280 3229 liberi,
312 3167 415 3231 regna
446 3143 581 3228 denique
613 3144 712 3209 etiam
741 3143 850 3208 omnia
876 3142 915 3208 de
940 3143 1063 3208 nostris
1089 3137 1163 3223 eupi-

171 3233 328 3297 ditatibus
347 3238 381 3298 et
398 3233 525 3298 iniuriis
548 3233 770 3317 expostulant3
792 3232 883 3296 locus
905 3232 994 3296 intra
1016 3229 1163 3296 Oceanum

170 3319 237 3380 iam
263 3321 373 3383 nullus
400 3323 575 3403 estusque
597 3324 667 3384 tam
691 3321 888 3405 longinquus
909 3341 1015 3403 neque
1037 3323 1103 3383 1111
1123 3321 1191 3378 ref⁵

171 3402 332 3485 conditus,
358 3427 422 3486 quo
449 3428 516 3472 non
541 3429 600 3491 per
626 3409 708 3472 haec
736 3412 885 3492 tempora
910 3411 1095 3472 nostrorum
1115 3404 1162 3468 he

171 3487 294 3552 minum
323 3489 424 3553 libido
451 3493 673 3579 iniquitasque
701 3496 894 3580 perveserit,
927 3497 1084 3560 sustinere
1107 3493 1162 3556 ian
