2386 3938
127 111 191 177 150
422 109 466 164 -ΙΝ
485 109 514 166 0.
529 108 684 166 VERREM
702 107 782 163 ΑΟΤ.
801 109 835 164 ΙΙ.

124 255 177 321 rel
205 253 345 340 amplius
372 253 584 342 pronuntiari.
629 251 748 320 Utram
775 252 879 339 igitur
897 251 1128 339 'putaslegem

124 341 331 409 molliorem?
364 343 502 428 Opinon,
528 341 621 407 illem
643 345 802 424 veterem,
827 361 893 426 qua
914 341 967 406 vel
989 339 1059 406 cito
1081 340 1130 404 at

126 431 210 496 solvi
236 432 290 496 rel
316 432 408 496 tarde
440 429 646 497 condemnari
677 429 806 495 licebat.
851 427 924 514 Ego
952 428 1016 493 tibi
1043 428 1129 492 illam

125 518 266 586 Aciliani
294 520 401 607 legem
427 519 580 603 restituo,
607 540 672 603 qua
699 518 773 603 lege
800 517 897 582 multi
920 517 1023 582 semel
1048 537 1130 581 accu-

125 609 204 692 sati,
231 608 331 675 semel
359 607 446 672 dieta
473 627 584 690 causa,
615 605 715 673 semel
744 605 864 671 auditis
891 605 1035 670 testibus
1063 623 1153 669 con-s

126 696 270 763 damnati
288 700 364 760 sunt
381 703 587 780 nequaquam
604 697 675 760 tam
698 693 881 760 manifestis
903 714 1011 777 neque
1034 693 1133 758 tantis

125 784 328 867 criminibus,
355 784 487 868 quantis
512 782 779 849 tu'convinceris.
820 781 906 849 Puta
928 784 962 845 te
984 802 1056 847 non
1077 780 1132 846 hac

125 876 196 936 tam
228 871 344 956 atroci,
376 871 432 936 sed
461 871 523 937 illa
553 872 627 958 lege
658 870 833 935 mitissima
860 890 993 936 causam
1024 869 1132 933 dicere.

125 958 309 1043 Accusab03
336 960 560 1045 respondebis3
586 958 726 1024 testibus
754 958 850 1023 editis
874 957 924 1022 ita
946 958 1083 1022 mittam
1103 957 1132 1020 in

126 1048 307 1132 consilium,
324 1051 371 1132 ut,
391 1047 521 1114 etiamsi
537 1048 590 1113 lex
609 1045 786 1133 ampliandi
804 1045 906 1112 faciat
923 1049 1133 1130 potestatem,
1144 1063 1163 1102 ιι

74 1139 238 1260 10tamen
262 1136 321 1202 isti
346 1141 442 1240 turpe
469 1136 534 1202 sibi
556 1135 743 1236 existiment
764 1155 831 1200 non
853 1134 959 1219 primo
982 1134 1132 1200 iudicare.

73 1275 106 1322 27
192 1223 329 1311 Verum,
363 1246 392 1290 ει
422 1245 552 1290 oausam
584 1244 737 1309 cognosci
767 1243 848 1307 opus
881 1225 945 1306 est,
976 1243 1133 1308 parumne

126 1313 259 1398 cognita
277 1313 349 1378 est?
384 1312 647 1395 Dissimulamus,
669 1309 835 1394 Hortensi,
859 1310 945 1394 quod
963 1332 1065 1396 saepe
1088 1332 1133 1374 ex·

124 1400 211 1488 perti
228 1401 263 1464 in
281 1401 414 1465 dicendo
433 1421 553 1464 sumus.
590 1398 669 1476 Quis
686 1419 747 1465 nos
770 1419 967 1484 magnopere
991 1398 1131 1464 attendit

124 1509 280 1571 umquam
297 1487 332 1550 in
348 1487 412 1552 hoc
434 1487 564 1570 quidem
587 1509 704 1574 genere
726 1507 906 1570 causarum,
928 1487 986 1552 ubi
1010 1485 1131 1573 aliquid
1143 1501 1161 1542 1⁵

125 1578 272 1659 ereptum
299 1578 357 1638 aut
382 1575 530 1640 ablatum
553 1597 573 1640 a
596 1575 749 1660 quopiam
772 1574 912 1640 dicitur?
943 1596 1056 1641 nonne
1079 1577 1130 1639 aut

123 1662 159 1727 in
185 1660 307 1728 tabulis
336 1663 453 1728 autin
479 1662 621 1740 testibus
647 1663 753 1729 omnis
780 1662 961 1748 expectatio
989 1663 1130 1728 iudicum

124 1751 197 1816 est?
246 1750 324 1816 Dixi
349 1751 456 1836 prima
483 1752 610 1818 actione
637 1773 689 1817 me
716 1752 851 1836 planum
875 1771 944 1816 esse
967 1750 1129 1818 facturum

125 1837 160 1904 (l.
168 1837 304 1906 Verrem
322 1838 378 1906 Hs
397 1840 684 1926 quadringentiens
702 1843 816 1905 contra
834 1839 924 1924 leges
945 1839 1128 1906 abstulisse.

124 1925 244 2002 Quies
262 1929 324 1994 hoc
345 1930 476 2015 planius
500 1929 652 2015 egissem,
678 1927 706 1992 si
728 1927 777 1991 ita
797 1929 1022 1993 narrassem?:
1058 1927 1127 1992 ‘Dio
1140 1941 1160 1982 2⁰

124 2016 256 2099 quidam
280 2016 344 2080 fuit
366 2016 575 2101 Halaesinus,
603 2017 672 2101 qui,
699 2025 772 2082 cur'n
794 2015 863 2080 eius
886 2015 955 2081 filio
978 2020 1128 2102 praetore

124 2101 160 2167 Ο.
170 2101 343 2169 Sacerdote
360 2105 524 2170 hereditas
542 2115 564 2172 ‘a
580 2105 762 2190 propinquo
780 2124 960 2189 permagna
976 2104 1126 2184 venisset,

122 2189 206 2256 nihil
221 2190 349 2255 vhabuit
375 2196 446 2257 tum
472 2214 577 2278 neque
602 2192 727 2278 negotii
754 2203 856 2276 neque
880 2192 1127 2257 controversiae.

122 2277 243 2342 Verres
272 2277 368 2344 simul
397 2302 434 2347 ac
460 2281 572 2368 tetigit
599 2280 815 2366 provinciam,
841 2279 955 2347 statim
978 2279 1128 2346 Messana

122 2365 251 2431 litteras
271 2365 367 2452 dedit,
389 2367 527 2435 Dionem
546 2369 702 2451 evocavit,
724 2367 975 2434 calumniatores
994 2389 1034 2433 ex
1059 2369 1126 2433 sinu
1138 2377 1158 2420 ²⁵

123 2475 181 2519 auo
210 2456 375 2540 apposuit,
402 2458 458 2541 qui
479 2458 571 2524 illam
594 2456 808 2522 hereditatem
826 2454 953 2522 Veneri
967 2454 1126 2540 Erycinae

123 2543 330 2608 commissam
349 2564 419 2610 esse
438 2545 593 2629 dicerent3
615 2546 678 2612 hac
696 2545 734 2610 de
753 2566 788 2608 re
806 2544 950 2608 ostendit
968 2565 1003 2610 se
1020 2545 1126 2630 ipsum

70 2651 104 2701 28
123 2631 708 2787 iiiiiiuariniinigsiilnisdeincips
734 2635 936 2785 tiizmdlem
960 2633 1126 2786 exfilioare,

121 2804 328 2908 IiSOdeciens
353 2744 488 2876 cautelis
510 2742 825 2893 miliiuriumiiacelssle:
846 2741 1156 2876 uic‘iiaiisanioiiiiw

121 2895 283 2962 tiss1mam
316 2897 491 2980 obtineret,
522 2901 691 2982 praeterea
723 2918 839 2983 greges
872 2919 1027 2981 equarum
1061 2898 1124 2962 eius

120 2979 221 3047 istum
236 2985 414 3071 abigendos
428 3007 566 3069 curasse,
585 2987 723 3072 argenti,
741 2986 841 3050 vestis
856 2987 1023 3072 stragulae
1043 2983 1123 3070 quod

120 3066 233 3153 fuerit,
256 3093 386 3138 curasse
408 3073 625 3139 auferendum.
666 3073 755 3139 Haeo
776 3095 880 3158 neque
902 3095 975 3138 cum
998 3094 1059 3159 ego
1083 3072 1124 3136 di·

120 3175 226 3222 cerem
245 3179 349 3242 neque
373 3184 446 3228 cum
469 3166 506 3226 tu
527 3182 679 3248 negares,
702 3162 813 3247 magni
835 3161 991 3228 momenti
1013 3165 1122 3226 nostra

121 3247 207 3342 esset
225 3247 339 3316 oratio.
376 3247 446 3324 Quo
465 3253 611 3333 tempore
629 3249 731 3335 igitur
754 3270 846 3314 aures
869 3248 964 3314 iudex
987 3249 1153 3336 erigeres

120 3349 327 3429 animumque
350 3337 554 3400 attenderet?
595 3335 677 3402 Cum
698 3336 761 3402 Dio
784 3337 863 3422 ipse'
877 3337 1031 3422 prodiret,
1054 3356 1120 3402 oum
1178 3359 1179 3390 ι

119 3418 227 3500 oeten,
251 3419 394 3500 quitum
412 3423 447 3486 in
465 3421 576 3488 Sicilia
593 3425 735 3510 negotiis
754 3423 870 3490 Dionis
893 3423 1121 3504 interfuissent,
