2386 3938
175 173 238 236 122
418 171 457 225 IN
476 171 504 226 C.
519 169 675 225 VERREM
693 165 801 222 ACTIO
821 163 940 219 PRIMA.

243 311 316 367 Toto
342 312 429 382 igitur·
455 313 510 367 hoc
536 312 609 366 libro
635 309 792 366 exhortatio
815 305 936 362 iudicum
956 300 1118 381 continetur
1136 299 1165 350 ad

171 399 237 438 vere
250 382 439 452 iudicandum,
460 383 552 436 minae
567 383 596 436 in
610 381 785 437 adversum
800 378 956 456 diriguntur
975 387 1074 452 omnia
1089 373 1164 450 temp-

172 457 265 508 tantes
289 455 325 509 ad
347 453 579 524 corrumpendum
601 452 749 518 iudicium,
776 451 805 504 et
827 447 1017 517 expositiones
1041 441 1166 520 Ciceronis

171 524 282 578 consilii
296 525 339 578 sui
351 524 489 578 iudicibus
506 524 679 590 exhibentur,
698 528 798 589 †quas
811 518 966 572 intractans
986 513 1167 594 commumter,

171 594 349 663 brevitasque
368 594 576 648 obiciendorum
596 593 743 647 criminum
760 590 833 644 mira
850 591 910 643 arte
929 585 1087 641 coniicitur.
1116 651 1122 664 ⁶

243 665 351 718 Status:
366 663 506 728 Quantum
522 665 558 718 od
572 663 689 718 crimina
702 677 804 716 causae
817 657 1040 730 repetundarum
1052 654 1168 733 pertinet

171 735 334 789 coniectura
343 734 489 803 multiplex
498 735 572 788 inest
584 734 714 788 omnibus
726 731 815 799 libris,
829 731 965 810 quantum
979 727 1020 781 ad
1034 723 1170 802 speculan

170 804 354 859 intentionem
367 803 433 857 libri
446 803 529 858 huius
543 805 670 872 refertur,
689 803 810 872 qualitas
828 799 978 870 negotialis
999 799 1083 878 extra
1101 811 1169 860 senp-

169 878 232 928 tum
257 875 286 927 in
313 873 452 943 particula
474 874 542 928 iuris
565 877 609 929 eat
631 873 795 939 constituta,
823 870 964 924 inducitur
988 866 1170 948 enrm'postu·

169 944 240 998 latio
259 943 294 998 de
312 944 416 1014 agendi
433 961 507 999 novo
525 961 640 1015 genere,
660 944 797 1012 siquidem
815 941 889 1011 petit
905 941 1041 1010 permitti
1060 935 1113 990 sibi
1127 950 1172 986 non

169 1015 212 1068 uti
235 1013 361 1069 oratione
383 1017 532 1084 perpetua,
562 1017 610 1070 sed
632 1015 756 1070 breviter
778 1012 896 1067 crimina
916 1023 1080 1080 proponere
1102 1002 1171 1059 etad

170 1085 284 1154 singula
302 1087 388 1138 testes
407 1085 482 1140 dare.
953 1151 959 1162 ι
1140 1145 1145 1153 ,

241 1154 313 1209 Sunt
340 1157 433 1209 autem
461 1155 556 1225 capita
578 1156 714 1210 orationis
737 1156 819 1209 haec:
849 1169 886 1207 an
908 1151 975 1232 talis
1000 1165 1083 1216 reus,
1109 1160 1171 1199 curua

169 1224 315 1279 damnatio
329 1225 418 1294 prosit
432 1226 624 1295 reipublicae,
645 1243 682 1280 an
699 1225 771 1280 talia
789 1224 848 1278 eius
868 1222 989 1302 consilia
1008 1220 1049 1274 ad
1067 1233 1171 1273 corrun-

168 1293 292 1361 pendum
307 1296 449 1360 iudicium,
468 1313 505 1348 an
517 1295 589 1350 talia
602 1299 632 1350 et
645 1299 704 1350 tam
723 1293 875 1350 manil'esta
893 1308 1018 1346 erumna
1038 1291 1077 1344 ad
1093 1290 1172 1356 patro·

169 1361 274 1416 oinium
293 1365 506 1432 desperandum,
525 1382 562 1420 an
574 1366 658 1420 huius
671 1366 750 1420 modi
764 1365 800 1418 ab
815 1380 848 1418 eo
863 1366 893 1418 et
911 1363 947 1416 ab
966 1362 1033 1416 eius
1053 1357 1172 1425 suffraga-

167 1431 276 1486 toribus
296 1435 325 1486 et
343 1431 419 1486 dicta
437 1435 465 1486 et
483 1434 560 1488 iacta
578 1437 615 1489 ad
633 1436 800 1490 eludendam
819 1431 1045 1499 accusationem,
1065 1432 1097 1483 ut
1113 1441 1171 1480 novo

167 1516 269 1568 genere
292 1501 331 1554 sit
356 1502 496 1570 egendum
519 1503 626 1573 Tullio;
653 1522 772 1574 quarum
792 1520 885 1558 rerum
910 1503 995 1571 quasi
1018 1518 1072 1583 per
1093 1513 1172 1554 narra·

166 1569 273 1622 tionem
293 1570 363 1624 facit
381 1571 661 1644 demonstrationem
685 1574 824 1645 expositio
848 1573 962 1628 consilii
987 1589 1050 1640 sur,
1074 1573 1172 1624 etcum

166 1637 308 1693 iudicibus
330 1637 497 1696 deliberatio
520 1643 633 1698 videtur
655 1645 783 1712 inducta;
810 1643 840 1697 in
862 1661 919 1712 qua
942 1642 1107 1698 ostenditur
1127 1653 1172 1691 cer-

166 1707 283 1762 tandum
305 1726 367 1763 cum
387 1710 537 1767 Hortensio
557 1715 675 1783 astutia,
698 1733 756 1770 non
774 1714 880 1769 utendo
899 1713 978 1768 horis
999 1712 1129 1768 omnibus
1145 1705 1174 1760 sd

166 1776 328 1846 dicendum,
347 1780 510 1850 tollendam,
529 1783 554 1837 si
567 1783 629 1838 fieri
642 1785 758 1854 poterit,
777 1784 1118 1854 comperendinationem,
1133 1793 1172 1847 per

165 1847 253 1900 testes
276 1849 394 1904 crimina
416 1853 631 1921 comprobanda.
672 1855 754 1910 Facit
776 1856 831 1908 hoo
856 1853 968 1922 Cicero,
993 1859 1029 1910 ut
1052 1855 1120 1908 haec
1140 1863 1173 1900 res

165 1931 221 1970 non
245 1917 336 1971 solum
359 1921 525 1989 compendio
547 1939 657 1977 moram
681 1942 714 1979 ac
736 1925 910 1979 brevitatem
932 1924 1077 1994 temporis
1096 1920 1173 1982 tollat,

166 1985 318 2061 sedetiam
336 1989 413 2042 eirca
430 1991 581 2046 artificium
599 1993 712 2048 dicendi
730 1995 855 2049 breviter
874 1995 964 2049 etiam
982 1996 1016 2049 in
1034 1996 1090 2050 hac
1106 1991 1172 2061 parte

165 2069 223 2106 vnn
243 2057 364 2108 oratoris
384 2060 521 2114 ostendat.

117 2195 144 2314 ξ
231 2223 324 2297 Quod
357 2236 427 2295 erat
459 2237 638 2318 optandum
670 2242 827 2325 maxime,
861 2243 1002 2328 iudiceS,
1037 2249 1072 2309 et
1103 2233 1174 2323 qu⁰d

163 2329 262 2405 uuum
296 2314 336 2376 ad
368 2316 523 2385 invidiam
556 2327 658 2389 vestri
687 2328 811 2392 ordinis
839 2329 1084 2416 infamiamque
1109 2325 1173 2391 iudi·

162 2413 286 2495 ciorum
308 2401 484 2470 sedandam
503 2411 642 2475 maxime
665 2416 867 2500 pertinebat,
890 2418 926 2481 id
949 2440 1021 2484 non
1044 2419 1172 2483 humano

162 2481 307 2566 consrho,
322 2487 385 2586 sed·
393 2513 492 2575 prope
507 2495 663 2563 divinitus
678 2501 792 2565 datum
808 2508 909 2587 atque
924 2507 1082 2572 oblatum
1096 2499 1173 2567 vobis

161 2586 352 2670 summo-rer
366 2578 515 2656 publicae
532 2587 681 2667 tempore
700 2587 839 2654 videtur.
874 2590 1083 2659 Inveteravit
1101 2589 1172 2654 enim

160 2671 226 2714 ram
241 2675 352 2737 oprnro
372 2666 553 2743 perniciosa
572 2672 790 2754 reipublicae
809 2679 973 2762 vobisque
993 2679 1174 2764 periculosa

162 2757 243 2816 quae
257 2761 325 2806 non
339 2749 436 2847 modo
450 2757 536 2833 apud
542 2759 695 2837 mnam
707 2759 900 2848 Romanum,
919 2770 976 2832 sed
988 2772 1087 2834 deam
1103 2759 1174 2848 apud

159 2825 286 2924 exteras
323 2835 473 2900 nationes
510 2843 656 2908 omnium
689 2868 841 2914 sermone
873 2857 1100 2938 percrebruit,
1132 2849 1173 2913 his

157 2906 292 3006 rudioris,
317 2938 400 2998 quae
418 2944 503 2987 nunc
522 2931 607 3011 sunt,
629 2935 844 3014 pecuniosum
868 2939 1055 3029 hominem,
1078 2959 1172 3027 quarn·

122 2998 138 3042 2
158 3009 206 3082 vis
225 2999 269 3088 sit
287 3019 418 3094 nocens,
434 3012 603 3106 ⁸nerninem
621 3038 718 3099 posse
738 3021 900 3090 damnari.
939 3029 1043 3096 Nunc
1061 3032 1096 3095 in
1114 3029 1173 3110 ipso

157 3070 493 3184 d1ser1m1neoordmis
522 3097 779 3188 iudiciorumque
803 3118 998 3182 vestrorum
1023 3141 1099 3184 curn
1120 3113 1174 3178 sint

155 3160 279 3298 pagani
306 3187 362 3248 qur
389 3181 594 3247 contionibus
623 3193 656 3250 et
682 3189 812 3274 legibus
837 3199 926 3265 hanc
949 3204 1114 3271 invidiam
1134 3219 1173 3264 εθ-

155 3257 205 3381 nat
213 3260 253 3385 ¹15
270 3250 475 3327 lnflammare
494 3274 659 3357 conentur,
683 3297 757 3341 reus
775 3281 813 3344 in
836 3285 1002 3356 iudicium
1028 3293 1174 3358 adductus

155 3339 189 3381 es
256 3327 417 3424 .Verres,
447 3348 545 3416 homo
578 3357 647 3423 vita
679 3366 778 3447 atquo
806 3369 906 3437 factis
937 3381 1093 3447 omnium
1118 3366 1181 3448 i'anss

155 3425 305 3484 opimone
330 3420 516 3517 damnatus,
544 3446 700 3520 pecuniae
723 3458 958 3537 magnitudine
985 3488 1050 3532 sua
1074 3487 1127 3552 spe
1147 3465 1181 3530 eii
