2404 3928
143 231 147 238 ,
258 177 326 230 LlB.
346 177 385 232 lv
417 178 496 235 OAP.
514 181 620 232 cc-ce
638 182 654 244 ᾖ
674 183 822 234 ros-108.
972 181 1039 244 409

26 320 269 406 antiquissimis
298 319 495 386 Graecorum
522 321 642 386 litteris
671 341 708 386 ac
735 324 965 407 monumentis,
992 323 1039 388 in-

27 411 133 474 sulam
166 407 310 476 Siciliam
339 413 444 474 totam
473 429 544 474 esse
570 407 680 474 Cereri
706 413 740 474 et
766 410 904 476 Liberae
930 431 1039 476 conse-

27 503 164 563 cratam.
214 497 286 562 Hoc
322 520 395 563 cum
432 502 558 563 ceterae
594 502 708 584 gentes
745 498 791 564 sic
828 499 1038 584 arbitrantur,

26 590 94 650 tum
128 586 214 672 ipsis
248 583 364 651 Siculis
395 587 444 651 ita
475 605 666 671 persuasum
698 589 762 670 est,
792 591 830 652 ut
857 587 893 652 in
920 588 1038 653 animis

10 691 139 739 reorum
161 675 297 739 insitum
318 679 416 760 atque
437 674 587 740 innatum
609 693 680 740 esse
693 675 859 741 uideatur.
895 675 981 741 Nam
1005 680 1039 741 et

27 767 120 828 natas
142 781 217 828 esse
234 763 295 828 has
317 763 352 827 in
374 762 415 827 iis
438 763 519 828 locis
543 762 619 827 deas
643 766 676 827 et
697 762 807 848 fruges
830 764 865 829 in
888 786 926 830 ea
948 769 1037 830 terra

29 851 172 934 primunr
208 853 356 936 repertas
391 867 462 915 esse
485 851 701 916 'arbitrantur
737 856 770 917 et
805 857 934 939 raptam
967 875 1037 919 esse

29 939 191 1025 Liberam,
215 956 313 1024 quam
332 939 470 1004 eandem
488 939 717 1024 Proserpinam
739 945 867 1026 vocant,
890 963 929 1006 ex
950 941 1038 1008 Hen-

30 1029 178 1093 nensium
199 1039 339 1112 nemore,
363 1027 418 1111 qui
440 1028 540 1111 loeus,
563 1028 650 1111 quod
670 1027 706 1091 in
728 1029 834 1093 media
857 1033 907 1094 est
929 1031 1039 1095 insula

10 1117 122 1201 oritus,
156 1117 331 1182 umbilicus
359 1113 488 1181 Siciliae
517 1116 712 1181 nominatur.
758 1115 862 1192 Quam
890 1139 963 1183 cum
990 1119 1037 1183 in·

30 1206 194 1291 vestigare
222 1209 255 1268 et
282 1205 470 1288 conquirere
497 1200 596 1270 ceres
622 1205 736 1288 vellet,
768 1204 887 1270 dicitur
912 1206 1037 1272 infiam-

32 1313 133 1357 masse
162 1293 276 1358 taedas
301 1295 366 1374 [ex]
388 1293 430 1357 iis
452 1292 597 1378 ignibus,
626 1292 681 1377 qui
703 1313 743 1357 ex
765 1291 892 1358 Aetnae
914 1295 1036 1361 vertice

32 1385 218 1466 erumprmt3
259 1401 339 1465 quas
376 1381 439 1446 sibi
474 1402 548 1446 cum
583 1380 656 1465 ipsa
691 1381 883 1466 praeferret,
923 1383 1035 1448 orbem

35 1489 158 1535 omnem
181 1489 375 1556 peragrasse
400 1473 581 1534 terrarum:
611 1468 728 1534 Henna
751 1474 869 1554 autem,
891 1471 948 1535 ubi
971 1493 1018 1556 ea,
1038 1488 1089 1538 10⁷

10 1572 24 1610 a
36 1577 110 1638 quae
128 1558 213 1641 dico,
236 1561 330 1645 gesta
348 1577 419 1622 esse
437 1561 668 1640 memorantur,
691 1560 741 1622 est
759 1559 831 1623 loco
850 1561 1036 1644 perexcelso

37 1649 124 1728 atque
144 1646 242 1729 actito,
265 1665 329 1730 quc
346 1646 382 1710 in
401 1665 527 1710 summo
551 1649 602 1709 est
625 1648 764 1730 aequata
787 1646 858 1732 agri
880 1649 1036 1731 planities

36 1737 63 1794 et
84 1754 190 1819 aquae
212 1747 395 1819 peremnes,
418 1738 492 1799 tota
514 1749 590 1798 vero
615 1734 656 1797 ab
680 1733 768 1797 omni
792 1735 882 1798 aditu
904 1736 1036 1800 circum·

38 1820 95 1885 cisa
113 1827 214 1909 atque
234 1822 362 1888 derecta
382 1826 446 1906 est3
469 1843 566 1905 quam
590 1821 675 1885 circa
697 1821 788 1886 lacus
811 1820 937 1905 lucique
961 1825 1037 1887 sunt

38 1909 162 1989 plurimi
195 1914 292 1996 atque
324 1910 496 1976 laetissimi
527 1909 623 1973 flores
655 1909 743 1973 omni
775 1911 921 1993 tempore
952 1911 1036 1994 anni,

11 1995 119 2063 alecus
152 2003 191 2065 ut
222 2000 293 2084 ipse
323 2003 455 2084 raptum
485 1998 580 2062 illum
611 1996 761 2083 virginis,
793 2017 888 2081 quem
920 1997 985 2062 iam
1017 2021 1037 2062 a

40 2087 137 2166 pueris
168 2087 362 2172 accepimus,
390 2088 553 2152 declarare
580 2085 737 2150 rideatur.
781 2084 913 2150 Etenim
935 2100 1037 2171 prope

41 2177 82 2236 est
99 2178 255 2259 spelunca
278 2176 436 2261 quaedam
460 2189 616 2241 conversa
639 2173 679 2238 ad
703 2174 887 2258 aquilonem
909 2174 1038 2241 infinita

43 2260 214 2348 altitudine,
232 2284 296 2348 qua
310 2263 421 2329 Ditem
435 2266 562 2348 patrem
575 2263 685 2327 ferunt
699 2265 832 2348 repente
851 2283 923 2328 curn
942 2279 1038 2330 curru

42 2351 178 2418 extitisse
200 2353 434 2436 abreptamque
457 2370 495 2416 ex
518 2371 555 2415 eo
579 2351 651 2415 loco
674 2350 833 2436 virginem
858 2365 965 2417 secum
990 2373 1038 2418 as-

16 2442 180 2516 ²⁵portasse
208 2445 241 2505 et
269 2441 377 2506 subito
404 2459 471 2505 non
497 2440 597 2524 longe
619 2460 638 2502 a
661 2435 828 2521 Syracusis
850 2444 1039 2522 penetrasse

44 2525 93 2588 sub
110 2531 226 2613 terras,
249 2530 419 2612 lacumque
437 2529 472 2592 in
492 2547 529 2592 eo
552 2527 624 2591 loco
647 2528 780 2610 repente
802 2526 958 2610 extitisse,
981 2528 1038 2592 ubi

45 2631 133 2697 usque
166 2618 207 2683 ad
238 2618 300 2684 hoo
331 2621 459 2700 tempus
489 2613 683 2699 Syracusani
713 2613 817 2678 festos
849 2614 917 2679 dies
949 2615 1038 2680 anni·

44 2706 194 2771 versarios
209 2709 312 2792 agunt
326 2703 691 2771 celeberrim0·virorum
709 2698 944 2786 mulierumque
963 2720 1038 2767 con-

45 2795 140 2857 ventu.
194 2790 333 2877 Propter
370 2793 466 2858 huius
504 2791 664 2876 opinionis
700 2794 911 2874 vetustatem,
952 2790 1037 2874 quod
1046 2788 1090 2853 49

19 2871 149 2946 ³0horum
177 2881 212 2947 in
238 2883 280 2946 iis
307 2882 387 2948 locis
415 2880 555 2965 vestigia
583 2901 621 2945 ac
647 2899 748 2964 prope
773 2878 969 2944 incunabula
991 2897 1038 2943 re

46 2967 203 3042 pariuntur
221 2970 363 3053 deornm,
386 2969 470 3033 mira
489 2968 646 3052 quaedam
664 2970 737 3031 tota
756 2964 865 3032 Sicilia
882 2966 1038 3051 privatim

48 3069 77 3113 tc
108 3058 235 3140 publice
271 3057 387 3144 religio
422 3059 472 3122 est
504 3055 630 3121 Cereris
661 3053 853 3120 Hennensis.
907 3053 1038 3119 Etenim

47 3141 139 3209 multa
157 3164 252 3230 saepe
269 3145 419 3233 prodigia
437 3145 504 3210 rim
523 3144 592 3209 eius
614 3161 795 3226 numenque
819 3142 1038 3228 declararunt;

48 3229 147 3298 multis
175 3255 270 3320 saepe
296 3235 332 3299 in
359 3233 560 3299 difficillimis
585 3232 682 3297 rebus
704 3248 857 3316 praesens
881 3230 1038 3296 auxilium

21 3313 105 3381 seius
132 3322 279 3389 oblatum
306 3326 369 3407 est,
400 3326 440 3386 ut
463 3321 543 3386 haec
569 3319 677 3384 insula
705 3319 746 3384 ab
773 3339 811 3384 ea
837 3340 904 3383 non
931 3320 1038 3384 solum

50 3397 141 3493 diligi,
173 3412 228 3476 sed
256 3411 355 3477 etiam
382 3410 481 3474 incoli
509 3408 728 3492 custodirique
749 3407 906 3473 videatur.
951 3403 1020 3472 Nec
1039 3416 1074 3466 10¹

50 3490 141 3562 solum
158 3497 267 3584 Siculi,
288 3498 521 3565 verumetiam
540 3500 665 3563 ceterae
688 3499 802 3582 gentes
824 3495 1036 3578 nationesque
