2422 3952
165 183 188 242 4
428 173 499 229 rao
518 173 548 227 r.
568 171 740 238 eumerio
759 170 901 226 enarro.

113 291 146 412 [ἶ
165 321 350 389 confirmari
376 316 556 405 patiamini.
600 314 638 380 Id
664 336 728 399 quo
751 314 879 380 facilius
901 313 1009 380 faeere
1032 315 1189 398 possitis,

165 411 249 477 dabo
264 429 406 495 operam,
423 410 469 490 ut,
488 403 679 490 aprineipiu
695 423 746 468 res
761 401 913 487 quemad
930 401 1068 469 modum
1088 408 1199 489 gesta

117 503 200 638 (met
223 500 391 600 eontracta
413 496 471 596 sit,
493 491 723 644 003¹10⁸13³li⁸2
766 579 793 642 ti
823 577 847 643 h
872 579 879 592 .
951 577 1040 643 frate
1199 493 1200 510 ¹

112 580 579 753 “nesterdhussrurldlrhiihmpdidi
596 577 791 732 famididdlht
807 597 949 752 prdddhs
968 670 1002 730 et
1020 599 1188 748 adiensddse,

166 785 231 830 una
259 761 294 826 iu
321 781 356 824 re
385 758 485 843 paulo
510 756 618 821 minus
645 754 879 838 consideratus,
907 754 963 839 qui
986 754 1187 822 societatem

167 872 240 917 eum
258 846 328 912 Sex.
347 845 472 912 Naevio
489 845 612 928 feeerit,
634 843 819 927 virobono,
840 863 954 907 rerum
976 845 1095 910 tamen
1120 859 1202 908 non*

165 939 214 1003 ita
240 936 407 1018 instituto,
434 937 471 999 ut
498 933 571 997 iura
593 931 758 997 sementis
781 935 814 995 et
837 928 944 997 officia
966 931 1050 996 uerti
1072 933 1186 1016 patris

166 1025 308 1091 familias
334 1043 431 1090 nosse
459 1023 583 1107 posset3
609 1039 676 1084 non
703 1041 767 1104 quo
793 1018 824 1084 ei
841 1019 973 1084 deesset
995 1019 1203 1105 ingenium*

166 1137 242 1180 nam
265 1134 368 1197 neque
391 1131 507 1196 parum
528 1109 652 1174 facetus
675 1104 786 1172 scurra
808 1103 880 1173 Sex.
902 1104 1047 1172 Naevius
1072 1127 1203 1192 nequer

166 1202 363 1267 inhumanus
381 1219 498 1284 praeco
517 1199 567 1262 est
585 1215 738 1279 umquam
747 1193 965 1260 existimatus.
998 1192 1086 1271 Quid
1102 1217 1185 1283 ergo
1203 1225 1204 1248 ι

167 1290 240 1354 est?
270 1287 351 1353 Cum
369 1287 399 1353 ei
416 1290 535 1351 natura
551 1284 634 1349 nihil
653 1283 769 1348 melius
787 1304 885 1368 quam
898 1303 1012 1349 voeern
1025 1282 1186 1368 dedisset,

167 1381 261 1462 pater
287 1376 370 1440 nihil
398 1377 527 1459 praeter
554 1372 740 1436 libertatem
766 1370 966 1454 reliquisset,
997 1393 1118 1436 vorem
1152 1374 1205 1436 int

168 1467 339 1548 quaestum
368 1461 521 1538 eontulit,
547 1460 701 1524 libertate
722 1479 800 1523 usus
827 1462 891 1542 est,
920 1479 984 1544 quo
1011 1458 1184 1545 impunius

117 1576 149 1625 12
168 1551 261 1616 dicax
289 1554 384 1615 esset.
433 1547 539 1624 Quare
571 1546 700 1631 quidem
729 1546 852 1612 socium
881 1545 943 1610 tibi
972 1567 1047 1612 eum
1075 1549 1206 1640 vellesp

168 1639 352 1724 adiungere,
374 1635 457 1700 nihil
481 1637 560 1713 erat,
581 1634 646 1698 nisi
667 1639 705 1699 ut
727 1635 762 1700 in
782 1640 842 1701 tua
863 1635 999 1719 pecnnia
1016 1635 1186 1702 condisce

168 1731 231 1812 ret,
258 1726 315 1810 qui
341 1725 494 1811 pecuniae
521 1723 645 1788 fruetus
673 1726 771 1805 esset,
797 1727 908 1786 tamen
929 1722 1207 1811 inducturum,

168 1814 337 1881 suetudine
368 1835 406 1878 aa
442 1809 664 1877 familiaritate
697 1809 866 1886 erinetius
901 1810 992 1895 feeit,
1027 1815 1066 1875 ut
1104 1812 1207 1897 dixi,

168 1903 357 1970 societatem
380 1922 491 1966 earum
512 1920 629 1981 rerum,
653 1917 735 1982 quae
756 1898 792 1961 in
812 1896 923 1963 Gallia
945 1900 1186 1985 comparaban-

167 1995 230 2057 tur.
265 1990 349 2055 Erat
367 1989 396 2053 ei
413 1988 565 2073 pecuaria
587 2008 639 2052 res
661 1985 772 2074 ampla
794 1990 828 2050 et
849 1986 972 2052 rustiea
994 2009 1072 2052 sane
1094 1988 1184 2055 bene

169 2079 258 2145 culta
284 2080 318 2140 et
343 2076 518 2140 fructuosa.
562 2074 704 2139 Tollitur
731 2074 772 2138 ab
801 2074 893 2139 atriis
916 2073 1050 2140 Liciniis
1078 2080 1184 2162 atque

169 2187 189 2230 a
215 2183 410 2247 praeconum
437 2181 589 2227 consessu
615 2161 650 2226 in
677 2161 820 2227 Galliam
847 2161 990 2227 Naevius
1019 2167 1053 2228 et
1083 2169 1183 2230 trans

168 2251 271 2336 Alpes
289 2270 391 2334 usque
407 2249 613 2314 transfertur.
648 2247 703 2314 Fit
720 2271 841 2336 magna
858 2251 997 2314 mutatio
1016 2251 1089 2336 loui,
1112 2274 1185 2318 non

168 2337 299 2424 ingenii.
339 2334 502 2421 Numqui
525 2337 567 2403 ab
590 2337 829 2404 adulescentulo
853 2341 1024 2422 quaestum
1043 2339 1107 2405 sibi
1132 2341 1184 2406 in-

169 2424 330 2490 stituisset
352 2425 422 2490 sine
443 2425 621 2512 impendio,
649 2429 864 2512 posteaquam
885 2427 995 2492 neseio
1018 2428 1095 2511 quid
1119 2429 1208 2498 im·r

168 2512 281 2599 pendit
298 2516 332 2578 et
349 2513 384 2577 in
406 2533 575 2578 commune
597 2514 744 2597 eontulit,
766 2513 920 2579 mediocri
943 2519 1081 2598 quaestu
1103 2538 1183 2582 uon-

117 2625 150 2674 13
168 2606 278 2667 tentus
297 2623 367 2666 esse
387 2623 453 2666 non
470 2604 610 2686 poterat.
645 2602 714 2667 Nee
731 2600 859 2686 mirum,
877 2601 905 2667 si
930 2603 968 2685 is,
991 2604 1048 2688 qni
1065 2625 1184 2670 vocem

168 2690 316 2756 venalem
338 2689 512 2773 habuerat,
540 2711 587 2773 ea,
610 2711 691 2774 quae
714 2710 792 2754 roae
816 2690 1034 2776 quaesiverat,
1057 2714 1182 2780 magno

169 2779 233 2845 sibi
251 2777 400 2862 quaestui
421 2776 492 2842 fore
509 2778 655 2862 putabat.
682 2775 798 2860 Itaque
815 2777 946 2844 hercule
959 2779 1046 2844 haud
1060 2781 1184 2846 medio-

168 2866 265 2932 ariter
271 2866 310 2930 de
316 2865 487 2950 communi,
496 2865 719 2950 quodcumque
727 2869 866 2950 poterat,
876 2866 917 2931 ad
926 2887 961 2931 se
970 2867 1005 2931 in
1013 2868 1182 2952 privatam
1196 2895 1208 2936 a

168 2956 300 3019 domum
319 2954 508 3037 revocabat;
526 2975 591 3039 qua
603 2953 637 3018 in
654 2974 690 3017 re
711 2953 760 3018 ita
778 2953 917 3037 diligens
936 2958 1016 3040 erat,
1033 2957 1130 3041 quasi
1148 2959 1182 3042 ii,

169 3041 1181 3198 tttttttflttlftlmtsttnltlllulllttft

168 3215 273 3280 habeo
288 3216 392 3281 disere
407 3239 452 3301 ea,
472 3237 553 3301 quae
571 3237 624 3281 me
642 3215 677 3282 P.
691 3214 859 3292 Quinctius
879 3218 968 3304 eupit
985 3239 1182 3286 commemo-

169 3324 255 3386 rare;
273 3303 405 3368 tametsi
419 3325 517 3369 eausa
534 3304 690 3390 pustulat,
708 3307 827 3389 tamen,
844 3306 921 3390 quia
939 3308 1097 3393 postulat,
1114 3329 1208 3374 nona

168 3390 312 3475 flagitat,
334 3391 527 3475 praeteribo.

118 3457 151 3581 ἃ
259 3475 340 3543 Cum
358 3499 459 3543 annos
477 3478 544 3543 iam
566 3481 747 3564 cumplures
770 3481 908 3547 societas
930 3486 1027 3567 esset,
1049 3488 1084 3548 et
1106 3505 1183 3550 eum
