2402 3936
177 160 243 225 250
480 158 520 214 IN
539 158 567 216 0.
583 159 738 214 VERREM
756 159 835 216 ACT.
854 160 887 215 11.

177 302 288 370 Sicilia
312 305 385 369 tota
407 307 563 370 censetur.
608 301 690 370 Erat
712 323 811 372 censa
832 307 983 388 praetore
1005 303 1168 384 Peducaeo

178 393 315 476 quintus
337 413 442 458 annus
465 413 538 457 curn
561 391 596 458 in
618 394 652 457 ta
674 395 860 476 praetorem
882 391 1063 476 incidisset,
1088 413 1167 456 censa

178 482 281 548 denuo
310 485 368 546 ast.
409 479 545 546 Postero
573 501 659 547 auno
681 478 716 546 L.
734 478 888 548 Metellus
915 480 1113 549 mentionem
1131 481 1168 544 tui

178 591 294 636 census
311 568 382 635 iteri
400 571 504 650 votat3
527 587 675 634 censores
695 567 774 634 dicit
793 569 832 634 ds
849 568 979 654 integro
999 569 1066 634 sibi
1084 568 1168 634 ercan

177 659 319 744 plecer03
342 657 466 722 interea
483 655 728 724 Peducaeanum
747 677 880 724 censum
896 656 1069 725 observari
1088 657 1169 722 iubet

177 745 250 812 Hoc
268 746 298 810 si
314 749 390 810 tuus
411 744 561 811 inimicus
580 743 725 828 fecisset,
747 749 874 830 tamen
896 745 924 810 si
948 746 1060 814 animo
1082 767 1169 828 aequo

176 830 1169 1007 circunspectus.eunuc

178 1010 278 1094 eninr,
305 1011 334 1075 si
360 1010 561 1095 provinciam
587 1010 740 1094 retinere,
768 1011 797 1076 si
825 1012 934 1080 salvus
961 1011 1033 1096 ipse
1052 971 1094 1076 ’in
1113 1031 1170 1096 pro

125 1067 176 1202 {20
194 1099 302 1165 vincia
316 1099 419 1164 vellet
437 1120 517 1182 esse,
534 1097 640 1164 neore
657 1120 724 1165 non
741 1099 858 1183 potuit.
893 1099 1061 1184 Expectas
1078 1100 1169 1180 etan,

178 1187 254 1271 quid
285 1187 321 1254 hi
351 1186 514 1253 iudicant?
563 1184 599 1252 si
630 1186 692 1252 tibi
720 1187 953 1272 magistratum
985 1189 1169 1274 abrogasset

177 1275 302 1342 minore
328 1275 509 1360 ignominie
536 1278 570 1340 ta
594 1275 767 1359 affecisset,
799 1297 898 1358 quam
922 1297 999 1345 aum
1026 1299 1078 1359 aa,
1104 1296 1169 1360 quae

174 1363 212 1428 in
229 1363 427 1449 magistratu
447 1363 587 1449 gessisti,
611 1363 745 1429 sustulit
764 1367 862 1447 atque
879 1363 976 1430 irrita
992 1364 1090 1432 iussit
1107 1384 1169 1428 esse.

176 1449 290 1535 Neque
308 1451 343 1516 in
365 1450 427 1516 hac
448 1472 484 1516 re
507 1452 578 1517 sola
599 1450 664 1516 fuit
687 1451 875 1536 eiusmodi,
899 1451 965 1536 sed,
987 1456 1065 1520 ante
1088 1473 1169 1536 quan

176 1556 237 1622 ego
265 1539 300 1603 in
322 1536 467 1603 Siciliam
494 1539 582 1623 veni,
608 1539 644 1605 in
669 1539 819 1606 mariniis
842 1540 938 1608 rebus
962 1563 1002 1606 ac
1023 1540 1169 1626 plurimis

176 1647 253 1690 nam
280 1629 314 1690 et
339 1625 492 1691 Heraclio
519 1625 739 1712 Syracusanos
767 1631 842 1694 tuos
869 1627 947 1696 illos
973 1628 1169 1714 palaestritas

176 1715 263 1780 bonu
290 1714 461 1780 restituero
490 1715 587 1781 iussit
614 1719 648 1782 at
668 1714 816 1800 Epicteti
837 1714 972 1784 Bidinos
1001 1721 1035 1782 et
1058 1716 1168 1802 pupillo

176 1802 400 1888 Drepanitano
419 1803 459 1869 Α
474 1801 655 1888 Claudium,
678 1808 720 1888 et,
742 1804 807 1870 nisi
825 1807 951 1872 mature
969 1803 1124 1874 Laetilius
1142 1805 1169 1867 in

177 1889 323 1958 Siciliam
341 1914 414 1958 cum
437 1892 557 1958 litteris
580 1893 732 1976 venisset,
755 1892 863 1960 minus
885 1911 960 1958 xxx
982 1893 1094 1960 diebus
1115 1892 1168 1958 Me

125 1981 275 2118 141tellus
298 1984 404 2080 totanr
426 1980 559 2046 triennii
580 1985 769 2082 praeturam
792 1984 883 2048 tuam
906 1981 1097 2082 rescidisset.

175 2067 1168 2242 artietutttttttttttttutittttttttt

174 2241 303 2307 videtur
334 2263 374 2306 nc
405 2241 487 2306 illud
515 2241 644 2326 quidem
672 2265 774 2331 genus
800 2245 956 2330 pecuniae
983 2246 1167 2324 conciliatae,

175 2351 274 2412 quam
309 2332 346 2394 tu
377 2351 398 2394 a
433 2328 622 2396 civitatibus
659 2337 843 2400 statuarum
873 2334 1005 2402 nomino
1035 2332 1166 2420 ootgisti.

174 2415 277 2482 Video
301 2417 388 2484 enim
411 2417 479 2484 eius
501 2420 656 2504 pecuniae
680 2443 841 2488 summam
863 2443 935 2488 esse
956 2423 1167 2510 pergrandem,
1181 2440 1187 2457 ²

175 2505 216 2570 ad
243 2503 299 2570 HS
328 2507 462 2590 viciens3
489 2511 619 2574 tantum
646 2509 833 2576 conficietur
859 2532 900 2576 ax
924 2511 1119 2578 testimoniis
1139 2511 1167 2572 et

174 2595 294 2660 litteris
325 2595 505 2662 civitatum„
554 2595 600 2663 Et
631 2597 694 2664 iste
723 2597 784 2664 hoc
812 2597 958 2665 concedit
985 2621 1046 2668 nec
1071 2600 1167 2684 potest

175 2684 271 2750 aliter·
302 2683 415 2750 dicere.
465 2683 572 2761 Quare
603 2685 693 2750 ouius
721 2685 809 2752 modi
834 2691 988 2771 putamus
1017 2709 1086 2754 essa
1109 2685 1166 2762 illa,

175 2794 257 2856 quae
270 2776 380 2858 negat,
398 2793 471 2837 cum
484 2772 565 2838 haec
580 2776 650 2838 tam
668 2773 918 2859 improbarunt,
935 2797 1019 2860 quae
1036 2773 1165 2843 intutu?

175 2861 259 2936 Quid
295 2860 382 2926 enim
417 2860 467 2925 vis
503 2860 680 2926 constitui?
716 2867 943 2948 consumptam
979 2885 1051 2930 esse
1080 2863 1165 2928 istam

174 2970 304 3014 omnem
335 2948 505 3034 pecuniam
536 2949 572 3013 in
599 2949 739 3014 statuis?
788 2949 852 3017 Fac
879 2952 927 3018 ita
954 2973 1041 3036 esse3
1069 2956 1165 3018 tanen

173 3035 236 3101 hoc
261 3035 430 3102 ferendum
474 3037 662 3103 ullomodo
686 3041 750 3122 eat,
775 3041 902 3107 tantam
926 3062 946 3105 a
969 3041 1065 3107 sociis
1086 3059 1165 3125 pecu·

173 3121 263 3188 niam
282 3125 411 3208 auferri,
433 3057 475 3189 ιιὲ
489 3124 524 3190 in
546 3124 697 3192 omnibus
720 3127 903 3213 angiportis
926 3128 1096 3213 praedonis
1116 3127 1164 3190 in-

120 3257 163 3321 58
172 3210 361 3294 probissimi
380 3216 489 3278 statua
507 3217 656 3298 ponatur,
680 3236 744 3298 qua
761 3215 816 3281 vix
833 3220 907 3282 tuto
927 3217 1062 3284 nansiri
1082 3232 1164 3301 posse

121 3334 171 3380 142
191 3298 347 3362 videatur.
391 3298 513 3365 Verum
541 3301 598 3366 ubi
624 3302 756 3369 tandem
779 3307 836 3369 aut
862 3304 896 3370 in
920 3305 1037 3389 quibus
1060 3301 1187 3370 statuis*

172 3383 238 3446 ista
259 3389 352 3448 tanta
374 3387 510 3468 pecunia
532 3395 725 3477 consumpta
748 3392 821 3456 est?
861 3391 1108 3475 ‘Oonsumeturt
1126 3390 1163 3452 in·

173 3468 272 3550 quies.
315 3467 444 3536 Scilicet
464 3479 668 3560 expectemus
690 3478 875 3563 legitimum
897 3480 980 3546 illud
1002 3481 1163 3566 quinquen·
