2402 3936
262 154 327 210 nra.
346 154 374 210 11
401 153 601 230 cerco-er
621 163 637 223 c
658 161 804 212 ιιι-149.
971 157 1037 223 253

54 319 105 363 non
117 299 217 364 solum
232 321 276 383 re,
294 299 350 364 sed
367 320 485 387 genere
502 299 575 384 ipso
593 300 803 385 postulandi?
825 323 903 367 nam
920 305 1037 387 cetera,

55 391 217 470 quaesunt
243 387 277 452 in
304 387 407 454 isdem
434 388 610 472 postulatis
638 388 677 452 dc
703 388 830 454 iniuriis
852 390 932 472 tuis,
960 396 1037 457 sunt

53 495 127 558 nors,
148 476 203 540 aad
220 480 331 542 tamen
348 497 415 542 non
432 497 517 542 novo
536 477 632 542 modo
650 477 868 562 postulantur.
904 477 1037 562 Rogant

54 567 78 627 et
102 568 191 628 orant
217 562 318 630 Siculi
348 569 459 649 patres
491 565 705 650 conscriptos,
735 569 773 630 ut
803 565 909 632 nostri
935 567 1037 652 magi-

36 653 154 716 scmus
175 652 314 736 posthac
337 652 488 718 decumas
511 653 584 739 lege
601 652 778 720 Hieronica
800 654 951 720 vendant.
987 653 1036 720 Tu

53 739 154 820 primus
190 745 306 805 contra
336 739 535 806 vendideras.
584 740 701 808 Audio.
754 741 818 828 Ne,
854 743 889 808 in
919 743 1036 808 cellam
1096 817 1099 823 ,

55 827 120 909 quod
135 827 322 913 imperatur,
345 829 527 896 aestiment.
567 829 639 895 Hoc
657 851 784 915 quoque
805 835 938 916 propter
960 835 1035 896 tuos

54 919 141 981 ternos
167 917 317 983 denarios
343 939 428 982 nunc
455 917 596 1002 primum
622 919 822 1003 postuletur,
850 919 906 984 sed
934 940 1035 1006 genus

28 1007 34 1022 '
54 1002 138 1084 ipsum
153 1005 342 1088 postulandi
359 1027 427 1071 non
444 1010 495 1072 est
512 1021 641 1071 novum.
677 1004 728 1071 Ne
751 1006 896 1073 absentis
918 1029 1037 1073 nomen

30 1091 211 1175 arecpiccur.
258 1092 308 1158 Ex
335 1091 449 1159 Stheni
481 1094 668 1160 calamitate
699 1098 733 1159 et
761 1096 819 1159 tua
844 1097 959 1160 natum
986 1099 1037 1159 est

54 1178 154 1246 iniuria.
190 1179 310 1248 Cetera
326 1191 393 1247 non
416 1182 579 1268 colligam.
616 1179 698 1246 Sunt
721 1181 831 1247 omnia
854 1179 1036 1248 Siculorum

54 1269 195 1348 postulata
208 1271 279 1334 eius
294 1270 390 1355 modi,
408 1273 447 1336 ut
464 1270 600 1337 crimina
618 1271 756 1336 collecta
773 1270 808 1334 in
825 1291 926 1336 unum
943 1291 1036 1336 reum

54 1359 77 1417 te
97 1377 158 1421 esse
185 1357 370 1442 videantur,
398 1379 480 1442 quae
507 1362 619 1424 tamen
645 1357 755 1424 omnia
775 1379 877 1424 novas
899 1358 1035 1423 iniurias

54 1441 163 1529 habent,
199 1445 259 1511 sed
289 1447 547 1529 postulationum
577 1445 736 1512 formulas
767 1447 920 1531 usitatas;
955 1445 1018 1512 hoo
1037 1455 1087 1506 148

31 1533 232 1613 uposulctum
256 1534 294 1598 de
319 1535 437 1601 statuis
460 1534 632 1601 ridiculum
655 1556 725 1600 esse
747 1535 895 1600 videatur
918 1535 957 1619 ci,
980 1535 1036 1618 qui

56 1639 104 1684 ren
132 1622 388 1707 sententiamque
416 1643 484 1689 non
510 1622 694 1708 perspiciat.
739 1623 914 1690 Postulant
941 1623 1036 1706 enirn,

55 1727 102 1771 ron
123 1711 168 1774 uti
193 1732 236 1776 nc
261 1715 420 1797 cogantur
442 1714 599 1794 statuere3
625 1710 703 1794 quid
725 1711 849 1797 igitur?
885 1710 933 1777 Ut
954 1710 1035 1794 ipsis

56 1796 190 1864 relocat.
227 1796 313 1874 Quid
331 1803 382 1864 est
400 1799 483 1866 hoc?
505 1798 590 1884 petis
610 1819 630 1863 a
652 1819 713 1880 me,
736 1797 822 1882 quod
844 1798 879 1862 in
901 1802 959 1863 tua
980 1818 1036 1882 po-

56 1884 149 1950 testate
174 1891 239 1972 est,
267 1890 304 1951 ut
330 1887 364 1951 id
390 1887 453 1952 tibi
479 1885 584 1953 facere
610 1906 652 1951 ne
679 1885 790 1969 liccat3
816 1888 891 1970 pete
916 1885 1036 1969 potius,

34 1979 85 2034 ”ne
101 1974 164 2057 quis
185 1979 221 2040 te
244 1975 385 2041 invitum
406 1975 555 2060 polliceri
578 1978 636 2041 aut
657 1973 763 2040 facere
786 1976 890 2060 cogat.
931 1971 1035 2038 ‘Nihil

57 2061 1036 2235 rsztfnllsslrrmuuussm

821 2198 830 2233 i

58 2233 116 2299 nihi
141 2261 181 2304 ne
207 2239 308 2306 liceat
334 2201 502 2323 polliceri?
551 2238 603 2303 Ex
629 2242 687 2304 tua
714 2243 867 2324 practura
893 2238 1035 2322 primum

22 2327 24 2330 ’
58 2318 115 2389 haec
130 2332 177 2393 ost
193 2332 275 2394 nata
292 2327 485 2412 postulati03
508 2349 572 2411 qua
590 2348 664 2392 curn
684 2331 828 2410 utuntur,
850 2327 912 2392 hoc
935 2326 1034 2413 signi·

35 2407 132 2478 clear
156 2413 255 2502 atquc
282 2416 361 2480 adeo
389 2419 500 2500 aperte
528 2415 715 2498 ostendunt,
743 2435 813 2480 sese
840 2414 882 2479 ad
909 2419 1035 2480 statuas

59 2497 111 2563 luas
126 2504 293 2586 pecuniam
310 2507 400 2568 metu
418 2524 455 2569 ac
474 2504 561 2568 malo
579 2507 709 2568 coactos
727 2501 940 2568 invitissim0s
963 2523 1035 2568 con·

59 2585 154 2656 tulisse.
187 2591 294 2670 Quid?
318 2591 346 2656 si
362 2591 426 2656 hoc
442 2612 509 2656 non
527 2590 645 2675 dicant,
662 2589 725 2655 tibi
742 2611 808 2657 non
825 2611 956 2656 necesse
975 2589 1018 2653 sit
1038 2599 1088 2658 lat

59 2669 104 2754 ipsi
124 2677 156 2744 id
181 2678 351 2746 confiteri?
400 2677 483 2744 Vide
510 2682 543 2744 et
569 2678 728 2764 perspice,
760 2700 824 2764 qua
852 2676 1035 2744 defensione

61 2758 91 2824 sis
111 2787 233 2851 usurus3
259 2768 326 2833 iam
352 2767 523 2853 intellegas
550 2766 612 2832 hoc
640 2766 727 2848 [tibi]
757 2767 795 2831 de
823 2765 940 2832 statuis
963 2785 1035 2829 con·

37 2844 187 2921 standum
209 2876 289 2920 esse.
329 2853 412 2920 Mihi
434 2855 520 2921 enim
541 2855 747 2920 renuntiatur
768 2855 817 2918 ita
839 2851 994 2919 constitui
1016 2855 1084 2922 a61

60 2936 107 3001 tuis
122 2945 276 3028 patronis,
298 2943 485 3009 hominibus
505 2943 698 3030 ingeniosis,
722 2962 852 3008 causam
874 2944 979 3022 tuam,
1003 2943 1036 3004 et

24 3025 25 3034 ’
60 3041 99 3088 eos
122 3030 174 3097 abs
199 3037 234 3096 te
258 3032 306 3096 ita
328 3031 457 3098 institui
479 3034 512 3096 et
535 3031 656 3114 doceri,
683 3034 720 3096 ut
744 3028 879 3113 quisque
901 3049 940 3094 ex
962 3048 1035 3112 pro·

24 3141 25 3146 ¹
59 3109 141 3182 moia
170 3117 279 3186 Sicilia
315 3119 446 3206 gravior
481 3119 579 3184 homo
617 3123 714 3203 atque
748 3116 921 3182 honestior.
945 3115 1037 3180 testi-

61 3204 178 3271 nonum
194 3207 415 3273 vehementius
439 3207 564 3292 (fixerit,
587 3205 683 3272 sicuti
706 3202 832 3286 [Siculi]
855 3203 952 3271 multi
973 3203 1037 3286 pri-

38 3289 133 3356 *nerii
160 3295 220 3360 riri
250 3296 355 3362 multa
386 3295 549 3378 dixemnt,
580 3298 613 3360 te
641 3293 755 3359 statim
780 3291 842 3358 hoo
869 3291 943 3357 istis
969 3291 1035 3356 tuis

63 3369 385 3451 defensoribusdicere:
405 3382 605 3448 ‘Inimicus
621 3386 680 3447 est
698 3384 918 3466 propterea,
937 3379 1036 3466 quod

25 3523 26 3526 ,
63 3469 168 3534 arator
198 3472 275 3538 est?
329 3471 444 3556 Itaque
475 3491 539 3538 uno
572 3491 702 3557 genere,
738 3470 866 3555 opinor,
902 3468 1036 3536 circum·
