2470 3936
335 111 443 170 cmv
477 111 555 168 cap.
576 118 679 168 ro-ra
697 117 713 178 ι
731 118 845 168 as-ao.
1024 113 1090 180 439

81 261 215 340 tempus
230 256 339 328 deberi
354 256 585 323 arbitrabatur.
607 255 677 333 Quo
691 257 770 322 loco
776 278 843 322 non
856 257 938 322 mihi
950 261 1044 342 praet
1045 279 1091 324 cr·
1109 270 1145 320 ιι

81 344 246 410 mittenda
262 345 391 410 videtur
408 344 595 430 praeclari
586 347 726 429 rmperat
728 345 794 410 oris
813 346 946 432 egregia
969 369 1005 412 ac
1029 347 1091 410 sin·

82 433 211 520 gularis
250 433 429 519 diligentia
483 431 570 498 Nam
607 433 723 498 scitote
760 433 914 518 oppidum
951 455 1020 499 esse
1057 435 1091 498 in

81 521 199 588 Sicilia
228 522 355 587 nullum
388 543 426 586 ex
457 521 497 586 ιιι
530 521 672 606 oppidis,
702 522 738 586 in
769 521 884 606 quibus
915 522 1091 588 consistere

49 613 253 695 opractores
276 613 310 674 et
332 613 525 676 conventum
549 630 646 695 agere
670 609 805 693 soleant,
828 632 891 694 quo
914 610 949 675 in
971 610 1090 696 oppido

79 720 152 764 non
184 698 241 764 isti
272 719 311 764 ex
343 698 453 783 aliqua
483 697 610 764 familia
641 719 707 763 non
733 698 872 784 ignobili
899 697 1024 764 delecta
1051 697 1091 763 ad

82 786 255 852 libidinem
278 786 394 851 mulier
418 789 515 852 esset.
554 784 670 870 Itaque
692 807 758 851 non
779 787 890 852 nullae
913 809 952 852 ex
975 808 1012 852 eo
1035 808 1092 851 nu-

81 897 177 940 mero
213 875 247 938 in
287 874 468 941 convivium
508 874 746 940 adhibebantur
781 875 904 959 palam3
945 875 974 940 si
1009 895 1091 959 quae

81 963 242 1029 castiores
268 966 373 1046 erant,
401 962 442 1028 ad
464 967 592 1048 tempus
615 963 803 1046 veniebant,
830 963 934 1029 lucem
957 961 1091 1028 conven-

40 1067 69 1108 ιο
81 1055 221 1135 tumque
248 1050 406 1116 vitabant.
449 1050 556 1118 Erant
581 1055 690 1116 autem
713 1049 860 1116 convivia
881 1073 948 1118 non
969 1051 1027 1116 illo
1051 1051 1092 1115 si-

81 1140 202 1207 lentio.
214 1143 403 1223 praetorum
430 1140 544 1224 populi
567 1138 706 1204 Romani
733 1142 830 1224 atque
856 1139 1090 1224 imperatorum

80 1249 189 1312 neque
202 1249 240 1293 eo
254 1227 385 1311 pudore,
404 1228 459 1312 qui
472 1228 508 1291 in
521 1227 775 1312 magistratuum
793 1227 948 1293 conviviis
967 1227 1091 1294 versari

83 1317 184 1399 solet,
212 1315 268 1382 sed
295 1338 368 1382 cum
390 1315 532 1382 maximo
556 1316 696 1381 elamore
720 1319 817 1400 atque
840 1315 998 1398 convici03
1025 1337 1092 1380 non

81 1425 263 1488 numquam
286 1404 386 1470 etiam
409 1426 461 1470 res
484 1403 525 1469 ad
546 1425 691 1490 pugnam
715 1408 812 1489 atque
836 1402 877 1469 ad
900 1425 1014 1470 manus
1037 1426 1091 1470 ro

47 1508 70 1549 1⁵
83 1493 231 1558 cabatur.
274 1491 342 1558 Iste
369 1493 455 1558 enim
482 1497 614 1576 praetor
642 1514 771 1558 severus
795 1515 832 1558 ac
856 1493 1007 1578 diligens,
1036 1493 1092 1577 qui

82 1581 202 1667 populi
219 1579 358 1646 Romani
380 1581 509 1667 legibus
527 1601 703 1664 numquam
726 1581 899 1666 paruisset,
920 1581 988 1646 illis
1012 1581 1091 1668 legi·

82 1671 161 1753 bus,
185 1691 266 1753 quae
284 1669 319 1734 in
340 1669 465 1754 poculis
488 1669 705 1754 ponebantur,
728 1669 901 1754 diligenter
924 1670 1090 1753 obtempe-

83 1759 191 1824 rabat.
231 1756 346 1842 Itaque
374 1761 466 1822 erant
492 1756 596 1822 exitus
620 1756 812 1839 eiusmodi,
839 1760 876 1821 ut
898 1757 982 1822 alius
1004 1757 1090 1822 inter

83 1866 203 1922 manus
221 1867 239 1910 c
256 1845 404 1911 convivio
423 1849 591 1928 tamquam
610 1865 628 1908 e
645 1844 770 1928 proelio
794 1844 984 1929 auferretur,
1007 1845 1089 1910 alius

47 1939 256 2019 numquam
284 1934 406 2000 occisus
429 1933 678 2016 relinqueretur,
705 1932 851 2016 plerique
874 1936 911 1996 ut
932 1931 998 1998 fusi
1021 1934 1090 1998 sine

83 2026 195 2090 mente
227 2044 264 2088 ac
296 2021 365 2086 sine
393 2021 462 2086 ullo
493 2041 588 2085 sensu
615 2021 770 2104 iacerent,
802 2023 839 2085 ut
867 2019 986 2105 quivis,
1017 2043 1091 2087 cum

85 2110 276 2196 aspexisset,
297 2131 365 2175 uon
386 2131 421 2174 se
443 2108 603 2194 praetoris
628 2109 819 2192 convivium,
843 2109 973 2175 sedt
923 2111 986 2190 [ut]
1010 2107 1091 2175 Oan-

84 2220 220 2266 nensem
241 2219 386 2284 pugnam
407 2197 520 2282 nequit
522 2197 571 2262 iae
593 2197 701 2262 videre
725 2197 812 2262 arbit
797 2159 950 2263 tieretur.

154 2285 237 2352 Cum
272 2308 349 2352 vero
379 2289 493 2351 aestas
530 2306 657 2351 summa
693 2306 763 2350 esse
799 2289 964 2385 coeperat,
1005 2253 1143 2379 quod12

48 2391 72 2432 ²⁶
84 2380 215 2460 tempus
239 2396 349 2440 omnes
372 2371 502 2440 Siciliae
525 2394 651 2458 semper
673 2374 872 2457 praetores
862 2396 898 2437 m
918 2331 1125 2439 itineribus²

86 2463 275 2530 consumere
306 2464 515 2544 consuerunt,
548 2464 722 2545 propterea
754 2461 840 2545 quod
871 2464 942 2526 tum
973 2465 1092 2546 putant

86 2551 269 2620 obermdam
306 2571 376 2616 esse
412 2549 551 2616 maxime
582 2549 796 2634 provinciam,
832 2570 905 2614 cum
937 2549 972 2612 in
997 2549 1090 2613 areis

85 2641 251 2707 frumenta
269 2643 355 2721 sunt,
360 2639 520 2740 ”quoda
500 2636 681 2702 tfamiliae
704 2640 1001 2723 congreganturet
1023 2659 1091 2702 ma-

86 2727 224 2816 gnitudo
256 2727 357 2793 servit
357 2727 381 2791 ii
412 2724 567 2812 perspicit
568 2747 607 2790 ur
637 2729 670 2791 et
696 2726 790 2791 labor
817 2726 925 2811 operis
952 2725 1092 2790 maxime

51 2833 74 2874 ³⁰
87 2817 235 2900 offendit,
261 2815 416 2880 frumenti
439 2813 532 2899 eopia
555 2818 751 2898 commonet,
776 2818 904 2899 tempus
928 2813 1005 2878 anni
1026 2835 1093 2878 non

85 2904 224 2990 inpedit.
241 2904 349 2988 tum,'
340 2925 483 2987 mquam,
501 2924 574 2968 cum
588 2865 781 2968 concursabt
800 2902 898 2968 ceteri
915 2904 1092 2986 praetores,

85 2994 149 3060 iste
169 3015 254 3059 novo
279 2991 419 3076 quodam
443 2992 507 3071 [ex]
518 3011 649 3090 'genere
672 2990 811 3075 imperat
813 3010 851 3055 or
872 2989 1091 3074 pulcherrimo

87 3079 321 3165 Syracusarum
341 3081 419 3146 loco
447 3077 524 3144 ιι
480 3101 569 3144 arva
596 3078 658 3143 sibi
681 3081 750 3145 cast
751 3099 789 3144 ra
736 3077 959 3143 tiseiebat.
1005 3075 1090 3143 Nam
1110 3089 1144 3138 30

86 3170 120 3234 in
146 3170 218 3253 ipso
247 3169 315 3234 adit
300 3172 337 3233 tu
363 3172 460 3252 atque
484 3188 539 3231 ore
561 3170 637 3252 port
638 3189 689 3250 us,
716 3167 773 3232 ubi
795 3166 936 3251 primum
960 3167 1090 3232 exalto

51 3272 75 3313 ⁸⁵
88 3258 176 3324 sinus
199 3257 241 3322 ab
265 3257 361 3322 litore
384 3257 425 3322 ad
448 3254 562 3320 urbem
584 3217 720 3322 inflecbt
693 3258 768 3335 rt‚ur
790 3254 1002 3320 tabernacula
1025 3276 1091 3320 car·

87 3345 192 3412 baseis
224 3345 351 3410 intenta
382 3343 463 3410 velis
494 3343 695 3408 conlocabat.
744 3341 817 3408 Huc
845 3343 968 3408 axilla
995 3343 1091 3408 domo
1224 3401 1225 3404 ,

86 3433 258 3519 praetoria,
282 3454 363 3518 quae
386 3432 474 3518 regis
497 3429 649 3496 Hieronis
671 3430 744 3517 fuit,
768 3432 814 3497 ιιι
838 3431 1030 3516 emigrabat,
1054 3433 1091 3494 ut
