<?xml version="1.0" encoding="UTF-8"?>
<!DOCTYPE html PUBLIC "-//W3C//DTD XHTML 1.0 Transitional//EN"
    "http://www.w3.org/TR/xhtml1/DTD/xhtml1-transitional.dtd">
<html xmlns="http://www.w3.org/1999/xhtml" xml:lang="en" lang="en">
 <head>
  <title>
</title>
<meta http-equiv="Content-Type" content="text/html;charset=utf-8" />
  <meta name='ocr-system' content='tesseract 3.04.00' />
  <meta name='ocr-capabilities' content='ocr_page ocr_carea ocr_par ocr_line ocrx_word'/>
</head>
<body>
  <div class='ocr_page' id='page_1' title='image "./mtulliiciceroni02mlgoog/mtulliiciceroni02mlgoog_0253.png"; bbox 0 0 2386 3938; ppageno 0'>
   <div class='ocr_carea' id='block_1_1' title="bbox 147 128 913 196">
    <p class='ocr_par' dir='ltr' id='par_1_1' title="bbox 147 128 913 196">
     <span class='ocr_line' id='line_1_1' title="bbox 147 128 913 196; baseline -0.013 -2"><span class='ocrx_word' id='word_1_1' title='bbox 147 131 210 196; x_wconf 84' lang='lat'><strong>136</strong></span> <span class='ocrx_word' id='word_1_2' title='bbox 383 130 422 184; x_wconf 86' lang='lat' dir='ltr'><strong>IN</strong></span> <span class='ocrx_word' id='word_1_3' title='bbox 442 129 471 185; x_wconf 82' lang='lat' dir='ltr'><strong>G.</strong></span> <span class='ocrx_word' id='word_1_4' title='bbox 489 128 646 186; x_wconf 70' lang='lat' dir='ltr'>VERREM</span> <span class='ocrx_word' id='word_1_5' title='bbox 663 128 773 184; x_wconf 83' lang='lat' dir='ltr'><strong>ACTIO</strong></span> <span class='ocrx_word' id='word_1_6' title='bbox 791 130 913 186; x_wconf 79' lang='lat' dir='ltr'>PRIMA.</span> 
     </span>
    </p>
   </div>
   <div class='ocr_carea' id='block_1_2' title="bbox 93 273 1191 2560">
    <p class='ocr_par' dir='ltr' id='par_1_2' title="bbox 93 273 1191 2560">
     <span class='ocr_line' id='line_1_2' title="bbox 145 273 1155 358; baseline 0 -18"><span class='ocrx_word' id='word_1_7' title='bbox 145 275 184 356; x_wconf 89' lang='lat' dir='ltr'><strong>de</strong></span> <span class='ocrx_word' id='word_1_8' title='bbox 210 275 305 340; x_wconf 83' lang='lat' dir='ltr'><strong>vobis</strong></span> <span class='ocrx_word' id='word_1_9' title='bbox 333 275 453 340; x_wconf 85' lang='lat' dir='ltr'><strong>melam</strong></span> <span class='ocrx_word' id='word_1_10' title='bbox 482 273 668 358; x_wconf 70' lang='lat' dir='ltr'><strong>opinionem</strong></span> <span class='ocrx_word' id='word_1_11' title='bbox 696 273 804 338; x_wconf 88' lang='lat' dir='ltr'><strong>animo</strong></span> <span class='ocrx_word' id='word_1_12' title='bbox 833 273 1043 340; x_wconf 73' lang='lat' dir='ltr'><strong>imbibisset?</strong></span> <span class='ocrx_word' id='word_1_13' title='bbox 1092 275 1155 351; x_wconf 79' lang='lat' dir='ltr'><strong>Quo</strong></span> 
     </span>
     <span class='ocr_line' id='line_1_3' title="bbox 145 361 1156 448; baseline 0.001 -19"><span class='ocrx_word' id='word_1_14' title='bbox 145 363 268 429; x_wconf 87' lang='lat' dir='ltr'><strong>maiore</strong></span> <span class='ocrx_word' id='word_1_15' title='bbox 287 363 395 448; x_wconf 86' lang='lat' dir='ltr'><strong>etiam,</strong></span> <span class='ocrx_word' id='word_1_16' title='bbox 414 362 442 428; x_wconf 88' lang='lat' dir='ltr'><strong>si</strong></span> <span class='ocrx_word' id='word_1_17' title='bbox 460 361 531 427; x_wconf 87' lang='lat' dir='ltr'><strong>fieri</strong></span> <span class='ocrx_word' id='word_1_18' title='bbox 548 365 667 446; x_wconf 89' lang='lat' dir='ltr'><strong>potest,</strong></span> <span class='ocrx_word' id='word_1_19' title='bbox 689 361 774 446; x_wconf 86' lang='lat' dir='ltr'><strong>apud</strong></span> <span class='ocrx_word' id='word_1_20' title='bbox 791 383 851 427; x_wconf 87' lang='lat' dir='ltr'><strong>vos</strong></span> <span class='ocrx_word' id='word_1_21' title='bbox 869 362 943 429; x_wconf 88' lang='lat' dir='ltr'><strong>odio</strong></span> <span class='ocrx_word' id='word_1_22' title='bbox 961 383 1037 430; x_wconf 87' lang='lat' dir='ltr'><strong>esse</strong></span> <span class='ocrx_word' id='word_1_23' title='bbox 1057 363 1156 446; x_wconf 75' lang='lat' dir='ltr'><strong>debet,</strong></span> 
     </span>
     <span class='ocr_line' id='line_1_4' title="bbox 146 449 1156 536; baseline 0.001 -19"><span class='ocrx_word' id='word_1_24' title='bbox 146 474 244 536; x_wconf 91' lang='lat' dir='ltr'><strong>quam</strong></span> <span class='ocrx_word' id='word_1_25' title='bbox 266 456 317 518; x_wconf 84' lang='lat' dir='ltr'><strong>est</strong></span> <span class='ocrx_word' id='word_1_26' title='bbox 339 450 425 536; x_wconf 91' lang='lat' dir='ltr'><strong>apud</strong></span> <span class='ocrx_word' id='word_1_27' title='bbox 447 449 604 535; x_wconf 87' lang='lat' dir='ltr'><strong>populum</strong></span> <span class='ocrx_word' id='word_1_28' title='bbox 626 449 823 533; x_wconf 85' lang='lat' dir='ltr'><strong>Romanum,</strong></span> <span class='ocrx_word' id='word_1_29' title='bbox 852 473 925 516; x_wconf 89' lang='lat' dir='ltr'><strong>cum</strong></span> <span class='ocrx_word' id='word_1_30' title='bbox 947 451 984 516; x_wconf 91' lang='lat' dir='ltr'><strong>in</strong></span> <span class='ocrx_word' id='word_1_31' title='bbox 1012 452 1156 533; x_wconf 80' lang='lat' dir='ltr'><strong>avaritia,</strong></span> 
     </span>
     <span class='ocr_line' id='line_1_5' title="bbox 146 537 1189 624; baseline -0.006 -18"><span class='ocrx_word' id='word_1_32' title='bbox 146 540 276 624; x_wconf 87' lang='lat' dir='ltr'><strong>scelere,</strong></span> <span class='ocrx_word' id='word_1_33' title='bbox 297 539 440 624; x_wconf 88' lang='lat' dir='ltr'><strong>periurio</strong></span> <span class='ocrx_word' id='word_1_34' title='bbox 462 559 521 604; x_wconf 82' lang='lat' dir='ltr'><strong>vos</strong></span> <span class='ocrx_word' id='word_1_35' title='bbox 544 537 595 604; x_wconf 90' lang='lat' dir='ltr'><strong>sui</strong></span> <span class='ocrx_word' id='word_1_36' title='bbox 619 537 741 603; x_wconf 80' lang='lat' dir='ltr'>similes</span> <span class='ocrx_word' id='word_1_37' title='bbox 764 558 836 604; x_wconf 89' lang='lat' dir='ltr'><strong>esse</strong></span> <span class='ocrx_word' id='word_1_38' title='bbox 858 539 1051 606; x_wconf 85' lang='lat' dir='ltr'><strong>arbitretur.</strong></span> <span class='ocrx_word' id='word_1_39' title='bbox 1188 567 1189 600; x_wconf 75' lang='lat'>1</span> 
     </span>
     <span class='ocr_line' id='line_1_6' title="bbox 93 610 1179 736; baseline 0.001 -42"><span class='ocrx_word' id='word_1_40' title='bbox 93 610 137 736; x_wconf 56' lang='lat' dir='ltr'><strong>J}</strong></span> <span class='ocrx_word' id='word_1_41' title='bbox 213 627 273 694; x_wconf 78' lang='lat' dir='ltr'><strong>(lui</strong></span> <span class='ocrx_word' id='word_1_42' title='bbox 299 629 385 711; x_wconf 92' lang='lat' dir='ltr'><strong>loco,</strong></span> <span class='ocrx_word' id='word_1_43' title='bbox 411 647 470 712; x_wconf 87' lang='lat' dir='ltr'><strong>per</strong></span> <span class='ocrx_word' id='word_1_44' title='bbox 493 626 570 692; x_wconf 89' lang='lat' dir='ltr'><strong>deos</strong></span> <span class='ocrx_word' id='word_1_45' title='bbox 592 624 808 710; x_wconf 86' lang='lat' dir='ltr'><strong>immortales,</strong></span> <span class='ocrx_word' id='word_1_46' title='bbox 835 626 970 712; x_wconf 85' lang='lat' dir='ltr'><strong>iudices,</strong></span> <span class='ocrx_word' id='word_1_47' title='bbox 998 629 1179 696; x_wconf 67' lang='lat' dir='ltr'><strong>consulitis</strong></span> 
     </span>
     <span class='ocr_line' id='line_1_7' title="bbox 146 713 1160 802; baseline -0.001 -21"><span class='ocrx_word' id='word_1_48' title='bbox 146 739 184 782; x_wconf 85' lang='lat' dir='ltr'><strong>ao</strong></span> <span class='ocrx_word' id='word_1_49' title='bbox 205 715 387 801; x_wconf 84' lang='lat' dir='ltr'><strong>providete!</strong></span> <span class='ocrx_word' id='word_1_50' title='bbox 431 714 549 780; x_wconf 90' lang='lat' dir='ltr'><strong>Moneo</strong></span> <span class='ocrx_word' id='word_1_51' title='bbox 571 714 786 799; x_wconf 75' lang='lat' dir='ltr'>praedicoque</span> <span class='ocrx_word' id='word_1_52' title='bbox 808 713 854 798; x_wconf 91' lang='lat' dir='ltr'><strong>id,</strong></span> <span class='ocrx_word' id='word_1_53' title='bbox 881 716 968 799; x_wconf 84' lang='lat' dir='ltr'><strong>quod</strong></span> <span class='ocrx_word' id='word_1_54' title='bbox 990 716 1160 802; x_wconf 75' lang='lat' dir='ltr'><strong>intellego,</strong></span> 
     </span>
     <span class='ocr_line' id='line_1_8' title="bbox 145 801 1158 889; baseline -0.002 -19"><span class='ocrx_word' id='word_1_55' title='bbox 145 809 273 888; x_wconf 87' lang='lat' dir='ltr'><strong>tempus</strong></span> <span class='ocrx_word' id='word_1_56' title='bbox 303 803 366 868; x_wconf 89' lang='lat' dir='ltr'><strong>hoc</strong></span> <span class='ocrx_word' id='word_1_57' title='bbox 386 802 480 868; x_wconf 84' lang='lat' dir='ltr'><strong>vobis</strong></span> <span class='ocrx_word' id='word_1_58' title='bbox 504 801 658 868; x_wconf 84' lang='lat' dir='ltr'><strong>divinitus</strong></span> <span class='ocrx_word' id='word_1_59' title='bbox 683 803 794 868; x_wconf 85' lang='lat' dir='ltr'><strong>datum</strong></span> <span class='ocrx_word' id='word_1_60' title='bbox 817 824 901 887; x_wconf 82' lang='lat' dir='ltr'><strong>esse,</strong></span> <span class='ocrx_word' id='word_1_61' title='bbox 928 808 967 870; x_wconf 89' lang='lat' dir='ltr'><strong>ut</strong></span> <span class='ocrx_word' id='word_1_62' title='bbox 994 805 1089 889; x_wconf 90' lang='lat' dir='ltr'><strong>odio,</strong></span> <span class='ocrx_word' id='word_1_63' title='bbox 1117 805 1158 868; x_wconf 83' lang='lat' dir='ltr'><strong>in</strong></span> 
     </span>
     <span class='ocr_line' id='line_1_9' title="bbox 146 889 1190 978; baseline -0.002 -22"><span class='ocrx_word' id='word_1_64' title='bbox 146 891 246 976; x_wconf 82' lang='lat' dir='ltr'><strong>vidia,</strong></span> <span class='ocrx_word' id='word_1_65' title='bbox 277 890 426 977; x_wconf 84' lang='lat' dir='ltr'><strong>infamia,</strong></span> <span class='ocrx_word' id='word_1_66' title='bbox 457 889 657 975; x_wconf 77' lang='lat' dir='ltr'><strong>turpitudine</strong></span> <span class='ocrx_word' id='word_1_67' title='bbox 689 895 795 956; x_wconf 88' lang='lat' dir='ltr'><strong>totum</strong></span> <span class='ocrx_word' id='word_1_68' title='bbox 828 891 974 958; x_wconf 85' lang='lat' dir='ltr'><strong>ordinem</strong></span> <span class='ocrx_word' id='word_1_69' title='bbox 1002 893 1159 958; x_wconf 89' lang='lat' dir='ltr'><strong>liberetis.</strong></span> <span class='ocrx_word' id='word_1_70' title='bbox 1189 913 1190 978; x_wconf 56' lang='lat' dir='ltr'><strong>l</strong></span> 
     </span>
     <span class='ocr_line' id='line_1_10' title="bbox 146 977 1190 1066; baseline 0 -22"><span class='ocrx_word' id='word_1_71' title='bbox 146 977 248 1044; x_wconf 89' lang='lat' dir='ltr'><strong>Nulla</strong></span> <span class='ocrx_word' id='word_1_72' title='bbox 273 979 309 1044; x_wconf 92' lang='lat' dir='ltr'><strong>in</strong></span> <span class='ocrx_word' id='word_1_73' title='bbox 334 979 462 1045; x_wconf 91' lang='lat' dir='ltr'><strong>iudiciis</strong></span> <span class='ocrx_word' id='word_1_74' title='bbox 490 978 660 1062; x_wconf 84' lang='lat' dir='ltr'><strong>severitas,</strong></span> <span class='ocrx_word' id='word_1_75' title='bbox 686 978 778 1043; x_wconf 86' lang='lat' dir='ltr'><strong>nulla</strong></span> <span class='ocrx_word' id='word_1_76' title='bbox 799 979 929 1065; x_wconf 77' lang='lat' dir='ltr'><strong>religio,</strong></span> <span class='ocrx_word' id='word_1_77' title='bbox 956 981 1055 1046; x_wconf 87' lang='lat' dir='ltr'><strong>nulla</strong></span> <span class='ocrx_word' id='word_1_78' title='bbox 1079 979 1159 1045; x_wconf 77' lang='lat' dir='ltr'><strong>deni</strong></span> <span class='ocrx_word' id='word_1_79' title='bbox 1189 1059 1190 1066; x_wconf 6' lang='grc' dir='ltr'>ἵ</span> 
     </span>
     <span class='ocr_line' id='line_1_11' title="bbox 147 1065 1190 1155; baseline 0.002 -21"><span class='ocrx_word' id='word_1_80' title='bbox 147 1089 209 1154; x_wconf 89' lang='lat' dir='ltr'><strong>que</strong></span> <span class='ocrx_word' id='word_1_81' title='bbox 235 1067 302 1135; x_wconf 86' lang='lat' dir='ltr'><strong>iam</strong></span> <span class='ocrx_word' id='word_1_82' title='bbox 329 1067 555 1134; x_wconf 86' lang='lat' dir='ltr'><strong>existimentur</strong></span> <span class='ocrx_word' id='word_1_83' title='bbox 583 1087 652 1130; x_wconf 89' lang='lat' dir='ltr'><strong>esse</strong></span> <span class='ocrx_word' id='word_1_84' title='bbox 679 1065 805 1132; x_wconf 86' lang='lat' dir='ltr'><strong>iudicia.</strong></span> <span class='ocrx_word' id='word_1_85' title='bbox 849 1067 965 1152; x_wconf 82' lang='lat' dir='ltr'><strong>Itaque</strong></span> <span class='ocrx_word' id='word_1_86' title='bbox 993 1091 1017 1134; x_wconf 90' lang='lat' dir='ltr'><strong>a</strong></span> <span class='ocrx_word' id='word_1_87' title='bbox 1038 1069 1190 1155; x_wconf 77' lang='lat' dir='ltr'><strong>populos</strong></span> 
     </span>
     <span class='ocr_line' id='line_1_12' title="bbox 147 1153 1158 1240; baseline -0.002 -18"><span class='ocrx_word' id='word_1_88' title='bbox 147 1156 295 1224; x_wconf 85' lang='lat' dir='ltr'><strong>Romano</strong></span> <span class='ocrx_word' id='word_1_89' title='bbox 323 1155 571 1237; x_wconf 82' lang='lat' dir='ltr'><strong>contemnimur,</strong></span> <span class='ocrx_word' id='word_1_90' title='bbox 599 1153 802 1239; x_wconf 77' lang='lat' dir='ltr'><strong>despicimur,</strong></span> <span class='ocrx_word' id='word_1_91' title='bbox 825 1156 918 1240; x_wconf 78' lang='lat' dir='ltr'><strong>gravi</strong></span> <span class='ocrx_word' id='word_1_92' title='bbox 941 1155 1158 1240; x_wconf 79' lang='lat' dir='ltr'><strong>diuturnaque</strong></span> 
     </span>
     <span class='ocr_line' id='line_1_13' title="bbox 94 1241 1159 1332; baseline -0.003 -23"><span class='ocrx_word' id='word_1_93' title='bbox 94 1261 130 1309; x_wconf 75' lang='lat'><strong>44</strong></span> <span class='ocrx_word' id='word_1_94' title='bbox 147 1245 213 1310; x_wconf 89' lang='lat' dir='ltr'><strong>iam</strong></span> <span class='ocrx_word' id='word_1_95' title='bbox 233 1245 411 1332; x_wconf 78' lang='lat' dir='ltr'><strong>flagramus</strong></span> <span class='ocrx_word' id='word_1_96' title='bbox 433 1243 576 1309; x_wconf 88' lang='lat' dir='ltr'><strong>infamia.</strong></span> <span class='ocrx_word' id='word_1_97' title='bbox 620 1241 734 1326; x_wconf 86' lang='lat' dir='ltr'><strong>Neque</strong></span> <span class='ocrx_word' id='word_1_98' title='bbox 757 1242 843 1306; x_wconf 90' lang='lat' dir='ltr'><strong>enim</strong></span> <span class='ocrx_word' id='word_1_99' title='bbox 865 1244 968 1310; x_wconf 87' lang='lat' dir='ltr'><strong>ullam</strong></span> <span class='ocrx_word' id='word_1_100' title='bbox 993 1245 1100 1310; x_wconf 80' lang='lat' dir='ltr'><strong>aliam</strong></span> <span class='ocrx_word' id='word_1_101' title='bbox 1122 1245 1159 1308; x_wconf 96' lang='lat' dir='ltr'><strong>ob</strong></span> 
     </span>
     <span class='ocr_line' id='line_1_14' title="bbox 147 1329 1158 1418; baseline -0.001 -21"><span class='ocrx_word' id='word_1_102' title='bbox 147 1355 279 1399; x_wconf 88' lang='lat' dir='ltr'><strong>causam</strong></span> <span class='ocrx_word' id='word_1_103' title='bbox 319 1332 459 1418; x_wconf 91' lang='lat' dir='ltr'><strong>populus</strong></span> <span class='ocrx_word' id='word_1_104' title='bbox 500 1330 666 1396; x_wconf 84' lang='lat' dir='ltr'><strong>Romanus</strong></span> <span class='ocrx_word' id='word_1_105' title='bbox 710 1329 918 1400; x_wconf 79' lang='lat' dir='ltr'><strong>tribuniciam</strong></span> <span class='ocrx_word' id='word_1_106' title='bbox 958 1337 1158 1416; x_wconf 88' lang='lat' dir='ltr'><strong>potestatem</strong></span> 
     </span>
     <span class='ocr_line' id='line_1_15' title="bbox 147 1418 1191 1504; baseline -0.001 -19"><span class='ocrx_word' id='word_1_107' title='bbox 147 1426 239 1488; x_wconf 87' lang='lat' dir='ltr'><strong>tanto</strong></span> <span class='ocrx_word' id='word_1_108' title='bbox 267 1421 375 1486; x_wconf 91' lang='lat' dir='ltr'><strong>studio</strong></span> <span class='ocrx_word' id='word_1_109' title='bbox 407 1418 589 1503; x_wconf 71' lang='lat' dir='ltr'><strong>requisivit,</strong></span> <span class='ocrx_word' id='word_1_110' title='bbox 622 1439 719 1503; x_wconf 89' lang='lat' dir='ltr'><strong>quam</strong></span> <span class='ocrx_word' id='word_1_111' title='bbox 750 1439 823 1484; x_wconf 91' lang='lat' dir='ltr'><strong>cum</strong></span> <span class='ocrx_word' id='word_1_112' title='bbox 855 1419 1028 1504; x_wconf 87' lang='lat' dir='ltr'><strong>poscebat,</strong></span> <span class='ocrx_word' id='word_1_113' title='bbox 1061 1422 1158 1486; x_wconf 82' lang='lat' dir='ltr'><strong>verbo</strong></span> <span class='ocrx_word' id='word_1_114' title='bbox 1190 1475 1191 1492; x_wconf 43' lang='lat'>2</span> 
     </span>
     <span class='ocr_line' id='line_1_16' title="bbox 145 1506 1191 1593; baseline -0.001 -22"><span class='ocrx_word' id='word_1_115' title='bbox 145 1508 238 1574; x_wconf 90' lang='lat' dir='ltr'><strong>illam</strong></span> <span class='ocrx_word' id='word_1_116' title='bbox 270 1529 402 1593; x_wconf 88' lang='lat' dir='ltr'><strong>poscere</strong></span> <span class='ocrx_word' id='word_1_117' title='bbox 436 1507 619 1591; x_wconf 86' lang='lat' dir='ltr'><strong>videbatur,</strong></span> <span class='ocrx_word' id='word_1_118' title='bbox 654 1528 689 1571; x_wconf 88' lang='lat' dir='ltr'><strong>re</strong></span> <span class='ocrx_word' id='word_1_119' title='bbox 724 1527 801 1570; x_wconf 84' lang='lat' dir='ltr'><strong>vera</strong></span> <span class='ocrx_word' id='word_1_120' title='bbox 837 1506 955 1573; x_wconf 87' lang='lat' dir='ltr'><strong>iudicia</strong></span> <span class='ocrx_word' id='word_1_121' title='bbox 991 1510 1158 1593; x_wconf 82' lang='lat' dir='ltr'><strong>poscebat.</strong></span> <span class='ocrx_word' id='word_1_122' title='bbox 1170 1507 1191 1574; x_wconf 79' lang='lat' dir='ltr'><strong>u}</strong></span> 
     </span>
     <span class='ocr_line' id='line_1_17' title="bbox 117 1592 1158 1684; baseline 0 -24"><span class='ocrx_word' id='word_1_123' title='bbox 117 1621 119 1626; x_wconf 63' lang='grc'>’</span> <span class='ocrx_word' id='word_1_124' title='bbox 146 1594 260 1681; x_wconf 87' lang='lat' dir='ltr'><strong>Neque</strong></span> <span class='ocrx_word' id='word_1_125' title='bbox 285 1595 347 1660; x_wconf 92' lang='lat' dir='ltr'><strong>hoc</strong></span> <span class='ocrx_word' id='word_1_126' title='bbox 370 1593 405 1670; x_wconf 82' lang='lat' dir='ltr'><strong>Q.</strong></span> <span class='ocrx_word' id='word_1_127' title='bbox 429 1592 596 1679; x_wconf 76' lang='lat' dir='ltr'><strong>Catulum,</strong></span> <span class='ocrx_word' id='word_1_128' title='bbox 623 1593 800 1684; x_wconf 20' lang='lat' dir='ltr'><strong>hominem*</strong></span> <span class='ocrx_word' id='word_1_129' title='bbox 810 1594 1094 1678; x_wconf 83' lang='lat' dir='ltr'><strong>sapientissimum</strong></span> <span class='ocrx_word' id='word_1_130' title='bbox 1116 1601 1158 1661; x_wconf 83' lang='lat' dir='ltr'><strong>at</strong></span> 
     </span>
     <span class='ocr_line' id='line_1_18' title="bbox 147 1680 1159 1770; baseline -0.004 -20"><span class='ocrx_word' id='word_1_131' title='bbox 147 1705 209 1769; x_wconf 91' lang='lat' dir='ltr'><strong>que</strong></span> <span class='ocrx_word' id='word_1_132' title='bbox 227 1683 474 1769; x_wconf 86' lang='lat' dir='ltr'><strong>amplissimum,</strong></span> <span class='ocrx_word' id='word_1_133' title='bbox 491 1682 579 1770; x_wconf 80' lang='lat' dir='ltr'><strong>fugit</strong></span> <span class='ocrx_word' id='word_1_134' title='bbox 597 1682 661 1768; x_wconf 87' lang='lat' dir='ltr'><strong>,qui</strong></span> <span class='ocrx_word' id='word_1_135' title='bbox 679 1680 736 1748; x_wconf 82' lang='lat' dir='ltr'><strong>Cn</strong></span> <span class='ocrx_word' id='word_1_136' title='bbox 749 1680 915 1767; x_wconf 88' lang='lat' dir='ltr'><strong>Pompeio,</strong></span> <span class='ocrx_word' id='word_1_137' title='bbox 935 1683 1006 1748; x_wconf 83' lang='lat' dir='ltr'><strong>viro</strong></span> <span class='ocrx_word' id='word_1_138' title='bbox 1021 1684 1159 1750; x_wconf 84' lang='lat' dir='ltr'><strong>fortissi-</strong></span> 
     </span>
     <span class='ocr_line' id='line_1_19' title="bbox 146 1770 1159 1855; baseline -0.003 -16"><span class='ocrx_word' id='word_1_139' title='bbox 146 1795 200 1839; x_wconf 90' lang='lat' dir='ltr'><strong>mo</strong></span> <span class='ocrx_word' id='word_1_140' title='bbox 233 1778 266 1838; x_wconf 86' lang='lat' dir='ltr'><strong>et</strong></span> <span class='ocrx_word' id='word_1_141' title='bbox 298 1771 492 1855; x_wconf 87' lang='lat' dir='ltr'><strong>clarissimo,</strong></span> <span class='ocrx_word' id='word_1_142' title='bbox 527 1771 564 1836; x_wconf 89' lang='lat' dir='ltr'><strong>de</strong></span> <span class='ocrx_word' id='word_1_143' title='bbox 596 1770 770 1836; x_wconf 81' lang='lat' dir='ltr'><strong>tribunicia</strong></span> <span class='ocrx_word' id='word_1_144' title='bbox 802 1775 966 1855; x_wconf 82' lang='lat' dir='ltr'><strong>potestate</strong></span> <span class='ocrx_word' id='word_1_145' title='bbox 997 1772 1159 1838; x_wconf 83' lang='lat' dir='ltr'><strong>referente</strong></span> 
     </span>
     <span class='ocr_line' id='line_1_20' title="bbox 147 1857 1159 1944; baseline -0.001 -17"><span class='ocrx_word' id='word_1_146' title='bbox 147 1883 220 1927; x_wconf 89' lang='lat' dir='ltr'><strong>cum</strong></span> <span class='ocrx_word' id='word_1_147' title='bbox 248 1866 334 1928; x_wconf 87' lang='lat' dir='ltr'><strong>esset</strong></span> <span class='ocrx_word' id='word_1_148' title='bbox 362 1860 556 1926; x_wconf 86' lang='lat' dir='ltr'><strong>sententiam</strong></span> <span class='ocrx_word' id='word_1_149' title='bbox 578 1862 728 1944; x_wconf 82' lang='lat' dir='ltr'><strong>rogatus,</strong></span> <span class='ocrx_word' id='word_1_150' title='bbox 755 1857 818 1924; x_wconf 92' lang='lat' dir='ltr'><strong>hoc</strong></span> <span class='ocrx_word' id='word_1_151' title='bbox 840 1859 933 1924; x_wconf 88' lang='lat' dir='ltr'><strong>initio</strong></span> <span class='ocrx_word' id='word_1_152' title='bbox 957 1865 1008 1925; x_wconf 89' lang='lat' dir='ltr'><strong>est</strong></span> <span class='ocrx_word' id='word_1_153' title='bbox 1032 1882 1159 1926; x_wconf 87' lang='lat' dir='ltr'><strong>summa</strong></span> 
     </span>
     <span class='ocr_line' id='line_1_21' title="bbox 147 1947 1190 2032; baseline -0.001 -17"><span class='ocrx_word' id='word_1_154' title='bbox 147 1972 219 2016; x_wconf 88' lang='lat' dir='ltr'><strong>cum</strong></span> <span class='ocrx_word' id='word_1_155' title='bbox 243 1950 436 2016; x_wconf 89' lang='lat' dir='ltr'><strong>auctoritate</strong></span> <span class='ocrx_word' id='word_1_156' title='bbox 459 1969 549 2030; x_wconf 91' lang='lat' dir='ltr'><strong>usus,</strong></span> <span class='ocrx_word' id='word_1_157' title='bbox 571 1951 681 2030; x_wconf 85' lang='lat' dir='ltr'><strong>patres</strong></span> <span class='ocrx_word' id='word_1_158' title='bbox 705 1947 905 2032; x_wconf 87' lang='lat' dir='ltr'><strong>conscriptos</strong></span> <span class='ocrx_word' id='word_1_159' title='bbox 929 1947 1049 2014; x_wconf 88' lang='lat' dir='ltr'><strong>iudicia</strong></span> <span class='ocrx_word' id='word_1_160' title='bbox 1071 1950 1190 2014; x_wconf 75' lang='lat' dir='ltr'><strong>malos</strong></span> 
     </span>
     <span class='ocr_line' id='line_1_22' title="bbox 147 2034 1159 2122; baseline 0 -20"><span class='ocrx_word' id='word_1_161' title='bbox 147 2041 180 2102; x_wconf 88' lang='lat' dir='ltr'><strong>et</strong></span> <span class='ocrx_word' id='word_1_162' title='bbox 208 2037 371 2122; x_wconf 84' lang='lat' dir='ltr'><strong>flagitiose</strong></span> <span class='ocrx_word' id='word_1_163' title='bbox 398 2035 495 2116; x_wconf 73' lang='lat' dir='ltr'><strong>tueri,</strong></span> <span class='ocrx_word' id='word_1_164' title='bbox 524 2034 639 2117; x_wconf 88' lang='lat' dir='ltr'><strong>quodsi</strong></span> <span class='ocrx_word' id='word_1_165' title='bbox 665 2034 701 2099; x_wconf 87' lang='lat' dir='ltr'><strong>in</strong></span> <span class='ocrx_word' id='word_1_166' title='bbox 722 2035 819 2100; x_wconf 85' lang='lat' dir='ltr'><strong>rebus</strong></span> <span class='ocrx_word' id='word_1_167' title='bbox 841 2034 1020 2103; x_wconf 88' lang='lat' dir='ltr'><strong>iudicandis</strong></span> <span class='ocrx_word' id='word_1_168' title='bbox 1043 2037 1159 2122; x_wconf 89' lang='lat' dir='ltr'><strong>populi</strong></span> 
     </span>
     <span class='ocr_line' id='line_1_23' title="bbox 146 2120 1159 2207; baseline 0.002 -19"><span class='ocrx_word' id='word_1_169' title='bbox 146 2124 286 2188; x_wconf 88' lang='lat' dir='ltr'><strong>Romani</strong></span> <span class='ocrx_word' id='word_1_170' title='bbox 304 2121 537 2188; x_wconf 78' lang='lat' dir='ltr'><strong>existimationi</strong></span> <span class='ocrx_word' id='word_1_171' title='bbox 556 2121 636 2185; x_wconf 81' lang='lat' dir='ltr'><strong>satis</strong></span> <span class='ocrx_word' id='word_1_172' title='bbox 653 2120 761 2186; x_wconf 82' lang='lat' dir='ltr'><strong>facere</strong></span> <span class='ocrx_word' id='word_1_173' title='bbox 777 2123 965 2207; x_wconf 84' lang='lat' dir='ltr'><strong>voluissent,</strong></span> <span class='ocrx_word' id='word_1_174' title='bbox 982 2145 1050 2190; x_wconf 90' lang='lat' dir='ltr'><strong>non</strong></span> <span class='ocrx_word' id='word_1_175' title='bbox 1063 2130 1159 2190; x_wconf 84' lang='lat' dir='ltr'><strong>tanto</strong></span> 
     </span>
     <span class='ocr_line' id='line_1_24' title="bbox 146 2207 1159 2295; baseline 0.004 -21"><span class='ocrx_word' id='word_1_176' title='bbox 146 2231 242 2294; x_wconf 91' lang='lat' dir='ltr'><strong>opere</strong></span> <span class='ocrx_word' id='word_1_177' title='bbox 269 2209 417 2274; x_wconf 87' lang='lat' dir='ltr'><strong>homines</strong></span> <span class='ocrx_word' id='word_1_178' title='bbox 443 2207 544 2272; x_wconf 87' lang='lat' dir='ltr'><strong>fuisse</strong></span> <span class='ocrx_word' id='word_1_179' title='bbox 571 2208 779 2276; x_wconf 87' lang='lat' dir='ltr'><strong>tribuniciam</strong></span> <span class='ocrx_word' id='word_1_180' title='bbox 806 2215 1005 2295; x_wconf 84' lang='lat' dir='ltr'><strong>potestatem</strong></span> <span class='ocrx_word' id='word_1_181' title='bbox 1037 2212 1159 2278; x_wconf 82' lang='lat' dir='ltr'><strong>deside</strong></span> 
     </span>
     <span class='ocr_line' id='line_1_25' title="bbox 93 2295 1159 2386; baseline 0.004 -23"><span class='ocrx_word' id='word_1_182' title='bbox 93 2321 127 2370; x_wconf 75' lang='lat'><strong>45</strong></span> <span class='ocrx_word' id='word_1_183' title='bbox 146 2304 283 2363; x_wconf 86' lang='lat' dir='ltr'><strong>raturos.</strong></span> <span class='ocrx_word' id='word_1_184' title='bbox 333 2297 408 2383; x_wconf 89' lang='lat' dir='ltr'><strong>Ipse</strong></span> <span class='ocrx_word' id='word_1_185' title='bbox 445 2295 581 2381; x_wconf 89' lang='lat' dir='ltr'><strong>denique</strong></span> <span class='ocrx_word' id='word_1_186' title='bbox 613 2295 669 2362; x_wconf 83' lang='lat' dir='ltr'><strong>On.</strong></span> <span class='ocrx_word' id='word_1_187' title='bbox 701 2296 874 2383; x_wconf 89' lang='lat' dir='ltr'><strong>Pompeius</strong></span> <span class='ocrx_word' id='word_1_188' title='bbox 910 2322 983 2365; x_wconf 89' lang='lat' dir='ltr'><strong>cum</strong></span> <span class='ocrx_word' id='word_1_189' title='bbox 1014 2301 1159 2386; x_wconf 87' lang='lat' dir='ltr'><strong>primunr</strong></span> 
     </span>
     <span class='ocr_line' id='line_1_26' title="bbox 146 2385 1191 2473; baseline 0.003 -22"><span class='ocrx_word' id='word_1_190' title='bbox 146 2386 328 2452; x_wconf 89' lang='lat' dir='ltr'><strong>contionem</strong></span> <span class='ocrx_word' id='word_1_191' title='bbox 347 2385 388 2450; x_wconf 87' lang='lat' dir='ltr'><strong>ad</strong></span> <span class='ocrx_word' id='word_1_192' title='bbox 406 2386 520 2450; x_wconf 87' lang='lat' dir='ltr'><strong>urbem</strong></span> <span class='ocrx_word' id='word_1_193' title='bbox 538 2386 651 2450; x_wconf 89' lang='lat' dir='ltr'><strong>consul</strong></span> <span class='ocrx_word' id='word_1_194' title='bbox 674 2386 862 2471; x_wconf 83' lang='lat' dir='ltr'><strong>designatus</strong></span> <span class='ocrx_word' id='word_1_195' title='bbox 884 2387 1009 2472; x_wconf 81' lang='lat' dir='ltr'><strong>hebuit,</strong></span> <span class='ocrx_word' id='word_1_196' title='bbox 1031 2389 1100 2473; x_wconf 91' lang='lat' dir='ltr'><strong>ubi,</strong></span> <span class='ocrx_word' id='word_1_197' title='bbox 1125 2388 1191 2454; x_wconf 76' lang='lat' dir='ltr'><strong>ides</strong></span> 
     </span>
     <span class='ocr_line' id='line_1_27' title="bbox 147 2474 1157 2560; baseline 0.004 -22"><span class='ocrx_word' id='word_1_198' title='bbox 147 2474 232 2560; x_wconf 91' lang='lat' dir='ltr'><strong>quod</strong></span> <span class='ocrx_word' id='word_1_199' title='bbox 249 2475 390 2540; x_wconf 86' lang='lat' dir='ltr'><strong>maxime</strong></span> <span class='ocrx_word' id='word_1_200' title='bbox 408 2474 589 2559; x_wconf 84' lang='lat' dir='ltr'><strong>exspectari</strong></span> <span class='ocrx_word' id='word_1_201' title='bbox 605 2474 786 2558; x_wconf 82' lang='lat' dir='ltr'><strong>uidebatur,</strong></span> <span class='ocrx_word' id='word_1_202' title='bbox 804 2475 947 2540; x_wconf 87' lang='lat' dir='ltr'><strong>ostendit</strong></span> <span class='ocrx_word' id='word_1_203' title='bbox 965 2497 1000 2542; x_wconf 87' lang='lat' dir='ltr'><strong>se</strong></span> <span class='ocrx_word' id='word_1_204' title='bbox 1017 2477 1157 2542; x_wconf 90' lang='lat' dir='ltr'><strong>tribuni-</strong></span> 
     </span>
    </p>
   </div>
   <div class='ocr_carea' id='block_1_3' title="bbox 95 2561 1191 3177">
    <p class='ocr_par' dir='ltr' id='par_1_3' title="bbox 95 2561 1191 3177">
     <span class='ocr_line' id='line_1_28' title="bbox 145 2561 1158 2650; baseline 0.001 -21"><span class='ocrx_word' id='word_1_205' title='bbox 145 2563 228 2630; x_wconf 89' lang='lat' dir='ltr'><strong>ciam</strong></span> <span class='ocrx_word' id='word_1_206' title='bbox 247 2567 445 2648; x_wconf 87' lang='lat' dir='ltr'><strong>potestatem</strong></span> <span class='ocrx_word' id='word_1_207' title='bbox 459 2563 696 2646; x_wconf 87' lang='lat' dir='ltr'><strong>restituturum,</strong></span> <span class='ocrx_word' id='word_1_208' title='bbox 713 2561 820 2628; x_wconf 80' lang='lat' dir='ltr'><strong>lactus</strong></span> <span class='ocrx_word' id='word_1_209' title='bbox 834 2568 885 2628; x_wconf 86' lang='lat' dir='ltr'><strong>est</strong></span> <span class='ocrx_word' id='word_1_210' title='bbox 897 2563 933 2628; x_wconf 90' lang='lat' dir='ltr'><strong>in</strong></span> <span class='ocrx_word' id='word_1_211' title='bbox 946 2585 984 2629; x_wconf 88' lang='lat' dir='ltr'><strong>co</strong></span> <span class='ocrx_word' id='word_1_212' title='bbox 1000 2566 1158 2650; x_wconf 89' lang='lat' dir='ltr'><strong>strepitus</strong></span> 
     </span>
     <span class='ocr_line' id='line_1_29' title="bbox 146 2649 1157 2738; baseline 0 -20"><span class='ocrx_word' id='word_1_213' title='bbox 146 2657 179 2718; x_wconf 88' lang='lat' dir='ltr'><strong>et</strong></span> <span class='ocrx_word' id='word_1_214' title='bbox 215 2656 311 2738; x_wconf 77' lang='lat' dir='ltr'><strong>grata</strong></span> <span class='ocrx_word' id='word_1_215' title='bbox 346 2651 506 2717; x_wconf 87' lang='lat' dir='ltr'><strong>contionis</strong></span> <span class='ocrx_word' id='word_1_216' title='bbox 538 2650 801 2716; x_wconf 73' lang='lat' dir='ltr'><strong>admurmuratio.</strong></span> <span class='ocrx_word' id='word_1_217' title='bbox 855 2649 946 2717; x_wconf 91' lang='lat' dir='ltr'><strong>Idem</strong></span> <span class='ocrx_word' id='word_1_218' title='bbox 977 2652 1013 2716; x_wconf 92' lang='lat' dir='ltr'><strong>in</strong></span> <span class='ocrx_word' id='word_1_219' title='bbox 1044 2653 1157 2718; x_wconf 85' lang='lat' dir='ltr'><strong>eadem</strong></span> 
     </span>
     <span class='ocr_line' id='line_1_30' title="bbox 146 2739 1156 2826; baseline 0 -20"><span class='ocrx_word' id='word_1_220' title='bbox 146 2741 295 2808; x_wconf 89' lang='lat' dir='ltr'><strong>contione</strong></span> <span class='ocrx_word' id='word_1_221' title='bbox 318 2763 391 2806; x_wconf 91' lang='lat' dir='ltr'><strong>cum</strong></span> <span class='ocrx_word' id='word_1_222' title='bbox 414 2739 549 2804; x_wconf 83' lang='lat' dir='ltr'><strong>dixisset</strong></span> <span class='ocrx_word' id='word_1_223' title='bbox 569 2739 743 2825; x_wconf 82' lang='lat' dir='ltr'><strong>populatas</strong></span> <span class='ocrx_word' id='word_1_224' title='bbox 766 2743 962 2823; x_wconf 83' lang='lat' dir='ltr'><strong>vexatasque</strong></span> <span class='ocrx_word' id='word_1_225' title='bbox 990 2762 1062 2806; x_wconf 88' lang='lat' dir='ltr'><strong>esse</strong></span> <span class='ocrx_word' id='word_1_226' title='bbox 1082 2763 1156 2826; x_wconf 82' lang='lat' dir='ltr'><strong>pro</strong></span> 
     </span>
     <span class='ocr_line' id='line_1_31' title="bbox 146 2825 1191 2915; baseline -0.004 -19"><span class='ocrx_word' id='word_1_227' title='bbox 146 2829 277 2915; x_wconf 77' lang='lat' dir='ltr'><strong>vincias,</strong></span> <span class='ocrx_word' id='word_1_228' title='bbox 299 2829 417 2895; x_wconf 89' lang='lat' dir='ltr'><strong>iudicia</strong></span> <span class='ocrx_word' id='word_1_229' title='bbox 440 2831 549 2894; x_wconf 88' lang='lat' dir='ltr'><strong>autem</strong></span> <span class='ocrx_word' id='word_1_230' title='bbox 571 2826 680 2911; x_wconf 87' lang='lat' dir='ltr'><strong>turpia</strong></span> <span class='ocrx_word' id='word_1_231' title='bbox 703 2849 740 2894; x_wconf 87' lang='lat' dir='ltr'><strong>ac</strong></span> <span class='ocrx_word' id='word_1_232' title='bbox 762 2825 927 2912; x_wconf 79' lang='lat' dir='ltr'><strong>flagitiosa</strong></span> <span class='ocrx_word' id='word_1_233' title='bbox 948 2827 1033 2912; x_wconf 72' lang='lat' dir='ltr'><strong>fieri,</strong></span> <span class='ocrx_word' id='word_1_234' title='bbox 1057 2829 1085 2894; x_wconf 90' lang='lat' dir='ltr'><strong>ei</strong></span> <span class='ocrx_word' id='word_1_235' title='bbox 1109 2829 1191 2893; x_wconf 76' lang='lat' dir='ltr'><strong>reia</strong></span> 
     </span>
     <span class='ocr_line' id='line_1_32' title="bbox 146 2915 1155 3002; baseline 0 -21"><span class='ocrx_word' id='word_1_236' title='bbox 146 2938 180 2982; x_wconf 89' lang='lat' dir='ltr'><strong>se</strong></span> <span class='ocrx_word' id='word_1_237' title='bbox 196 2918 364 3002; x_wconf 83' lang='lat' dir='ltr'><strong>providere</strong></span> <span class='ocrx_word' id='word_1_238' title='bbox 384 2939 421 2982; x_wconf 86' lang='lat' dir='ltr'><strong>ac</strong></span> <span class='ocrx_word' id='word_1_239' title='bbox 439 2916 606 2982; x_wconf 88' lang='lat' dir='ltr'><strong>consulere</strong></span> <span class='ocrx_word' id='word_1_240' title='bbox 623 2915 720 2980; x_wconf 86' lang='lat' dir='ltr'><strong>velle:</strong></span> <span class='ocrx_word' id='word_1_241' title='bbox 737 2919 809 2982; x_wconf 90' lang='lat' dir='ltr'><strong>tum</strong></span> <span class='ocrx_word' id='word_1_242' title='bbox 826 2936 904 2980; x_wconf 87' lang='lat' dir='ltr'><strong>vero</strong></span> <span class='ocrx_word' id='word_1_243' title='bbox 921 2937 989 2981; x_wconf 89' lang='lat' dir='ltr'><strong>non</strong></span> <span class='ocrx_word' id='word_1_244' title='bbox 1008 2917 1155 3001; x_wconf 87' lang='lat' dir='ltr'><strong>strepitu,</strong></span> 
     </span>
     <span class='ocr_line' id='line_1_33' title="bbox 146 3003 1154 3091; baseline 0.001 -24"><span class='ocrx_word' id='word_1_245' title='bbox 146 3004 202 3068; x_wconf 90' lang='lat' dir='ltr'><strong>sed</strong></span> <span class='ocrx_word' id='word_1_246' title='bbox 229 3006 369 3081; x_wconf 73' lang='lat' dir='ltr'><strong>maximo</strong></span> <span class='ocrx_word' id='word_1_247' title='bbox 397 3005 539 3072; x_wconf 88' lang='lat' dir='ltr'><strong>clamore</strong></span> <span class='ocrx_word' id='word_1_248' title='bbox 567 3026 660 3072; x_wconf 86' lang='lat' dir='ltr'><strong>suam</strong></span> <span class='ocrx_word' id='word_1_249' title='bbox 681 3004 822 3089; x_wconf 89' lang='lat' dir='ltr'><strong>populus</strong></span> <span class='ocrx_word' id='word_1_250' title='bbox 843 3003 1012 3070; x_wconf 85' lang='lat' dir='ltr'><strong>Romanus</strong></span> <span class='ocrx_word' id='word_1_251' title='bbox 1035 3004 1154 3091; x_wconf 80' lang='lat' dir='ltr'><strong>signifi-</strong></span> 
     </span>
     <span class='ocr_line' id='line_1_34' title="bbox 95 3069 1153 3177; baseline 0 -21"><span class='ocrx_word' id='word_1_252' title='bbox 95 3069 233 3156; x_wconf 77' lang='lat' dir='ltr'><strong>16cavit</strong></span> <span class='ocrx_word' id='word_1_253' title='bbox 259 3094 471 3160; x_wconf 82' lang='lat' dir='ltr'><strong>voluntatem.</strong></span> <span class='ocrx_word' id='word_1_254' title='bbox 519 3090 614 3159; x_wconf 85' lang='lat' dir='ltr'><strong>Nunc</strong></span> <span class='ocrx_word' id='word_1_255' title='bbox 642 3096 751 3158; x_wconf 84' lang='lat' dir='ltr'><strong>autem</strong></span> <span class='ocrx_word' id='word_1_256' title='bbox 778 3091 925 3157; x_wconf 88' lang='lat' dir='ltr'><strong>homines</strong></span> <span class='ocrx_word' id='word_1_257' title='bbox 952 3091 989 3156; x_wconf 89' lang='lat' dir='ltr'><strong>in</strong></span> <span class='ocrx_word' id='word_1_258' title='bbox 1016 3093 1153 3177; x_wconf 82' lang='lat' dir='ltr'><strong>speculis</strong></span> 
     </span>
    </p>
   </div>
   <div class='ocr_carea' id='block_1_4' title="bbox 93 3145 1153 3268">
    <p class='ocr_par' dir='ltr' id='par_1_4' title="bbox 93 3145 1153 3268">
     <span class='ocr_line' id='line_1_35' title="bbox 93 3145 1153 3268; baseline 0.006 -27"><span class='ocrx_word' id='word_1_259' title='bbox 93 3145 128 3194; x_wconf 72' lang='lat'><strong>⁴⁶</strong></span> <span class='ocrx_word' id='word_1_260' title='bbox 146 3181 235 3264; x_wconf 89' lang='lat' dir='ltr'><strong>sunt,</strong></span> <span class='ocrx_word' id='word_1_261' title='bbox 263 3180 450 3268; x_wconf 81' lang='lat' dir='ltr'><strong>observent,</strong></span> <span class='ocrx_word' id='word_1_262' title='bbox 479 3203 584 3266; x_wconf 62' lang='lat' dir='ltr'><strong>quemr</strong></span> <span class='ocrx_word' id='word_1_263' title='bbox 602 3181 646 3250; x_wconf 86' lang='lat' dir='ltr'><strong>od</strong></span> <span class='ocrx_word' id='word_1_264' title='bbox 666 3180 798 3260; x_wconf 79' lang='lat' dir='ltr'><strong>modum</strong></span> <span class='ocrx_word' id='word_1_265' title='bbox 821 3200 890 3244; x_wconf 86' lang='lat' dir='ltr'><strong>sese</strong></span> <span class='ocrx_word' id='word_1_266' title='bbox 912 3200 996 3245; x_wconf 87' lang='lat' dir='ltr'><strong>unus</strong></span> <span class='ocrx_word' id='word_1_267' title='bbox 1020 3181 1153 3264; x_wconf 87' lang='lat' dir='ltr'><strong>quisquc</strong></span> 
     </span>
    </p>
   </div>
   <div class='ocr_carea' id='block_1_5' title="bbox 145 3268 1189 3544">
    <p class='ocr_par' dir='ltr' id='par_1_5' title="bbox 145 3268 1189 3544">
     <span class='ocr_line' id='line_1_36' title="bbox 145 3268 1189 3355; baseline 0.003 -27"><span class='ocrx_word' id='word_1_268' title='bbox 145 3269 294 3332; x_wconf 90' lang='lat' dir='ltr'><strong>nostrum</strong></span> <span class='ocrx_word' id='word_1_269' title='bbox 340 3272 411 3334; x_wconf 87' lang='lat' dir='ltr'><strong>erat</strong></span> <span class='ocrx_word' id='word_1_270' title='bbox 433 3270 469 3334; x_wconf 91' lang='lat' dir='ltr'><strong>in</strong></span> <span class='ocrx_word' id='word_1_271' title='bbox 490 3268 658 3335; x_wconf 83' lang='lat' dir='ltr'><strong>retinenda</strong></span> <span class='ocrx_word' id='word_1_272' title='bbox 680 3268 838 3355; x_wconf 80' lang='lat' dir='ltr'><strong>religione</strong></span> <span class='ocrx_word' id='word_1_273' title='bbox 863 3269 1189 3352; x_wconf 77' lang='lat' dir='ltr'><strong>conservandisqueu</strong></span> 
     </span>
     <span class='ocr_line' id='line_1_37' title="bbox 146 3290 1152 3442; baseline 0.004 -27"><span class='ocrx_word' id='word_1_274' title='bbox 146 3351 282 3435; x_wconf 84' lang='lat' dir='ltr'><strong>legibus.</strong></span> <span class='ocrx_word' id='word_1_275' title='bbox 309 3290 448 3420; x_wconf 61' lang='lat' dir='ltr'><strong>·gVident</strong></span> <span class='ocrx_word' id='word_1_276' title='bbox 471 3356 575 3422; x_wconf 87' lang='lat' dir='ltr'><strong>adhuc</strong></span> <span class='ocrx_word' id='word_1_277' title='bbox 597 3362 674 3442; x_wconf 91' lang='lat' dir='ltr'><strong>post</strong></span> <span class='ocrx_word' id='word_1_278' title='bbox 696 3357 803 3442; x_wconf 83' lang='lat' dir='ltr'><strong>legem</strong></span> <span class='ocrx_word' id='word_1_279' title='bbox 825 3354 1034 3422; x_wconf 82' lang='lat' dir='ltr'><strong>tribuniciam</strong></span> <span class='ocrx_word' id='word_1_280' title='bbox 1055 3378 1152 3422; x_wconf 89' lang='lat' dir='ltr'><strong>unum</strong></span> 
     </span>
     <span class='ocr_line' id='line_1_38' title="bbox 147 3439 1175 3544; baseline 0.005 -42"><span class='ocrx_word' id='word_1_281' title='bbox 147 3439 329 3504; x_wconf 88' lang='lat' dir='ltr'><strong>senatorem</strong></span> <span class='ocrx_word' id='word_1_282' title='bbox 352 3441 403 3505; x_wconf 82' lang='lat' dir='ltr'><strong>rel</strong></span> <span class='ocrx_word' id='word_1_283' title='bbox 427 3443 653 3510; x_wconf 86' lang='lat' dir='ltr'><strong>tenuissimum</strong></span> <span class='ocrx_word' id='word_1_284' title='bbox 676 3465 746 3510; x_wconf 80' lang='lat' dir='ltr'><strong>esse</strong></span> <span class='ocrx_word' id='word_1_285' title='bbox 770 3445 973 3525; x_wconf 67' lang='lat' dir='ltr'><strong>damnatum</strong></span> <span class='ocrx_word' id='word_1_286' title='bbox 999 3443 1085 3527; x_wconf 88' lang='lat' dir='ltr'><strong>quod</strong></span> <span class='ocrx_word' id='word_1_287' title='bbox 1107 3447 1175 3544; x_wconf 45' lang='lat' dir='ltr'><strong>ta·</strong></span> 
     </span>
    </p>
   </div>
   <div class='ocr_carea' id='block_1_6' title="bbox 0 0 1202 3938">
    <p class='ocr_par' dir='ltr' id='par_1_6' title="bbox 0 0 1202 3938">
     <span class='ocr_line' id='line_1_39' title="bbox 0 0 1202 3938; baseline 0 0"><span class='ocrx_word' id='word_1_288' title='bbox 0 0 1202 3938; x_wconf 95' lang='lat' dir='ltr'><strong> </strong></span> 
     </span>
    </p>
   </div>
  </div>
 </body>
</html>
