2386 3938
147 153 221 246 '162
458 177 497 232 m
516 175 545 233 c.
565 175 720 232 vasam
738 174 816 229 nos.
836 175 868 228 n.

155 324 227 390 nari
245 323 406 406 solebant,
428 322 476 388 ibi
494 341 566 390 esse
582 322 693 404 palam
711 320 819 402 posita
837 341 884 403 ea,
908 340 991 402 quaa
1009 318 1052 382 ab
1073 320 1163 384 sociis

155 435 213 498 per
237 413 343 480 scelus
366 412 480 478 ablata
503 413 678 493 ereptaque
701 412 817 476 essent.

104 520 140 569 cu
222 501 286 566 Hic
313 521 374 586 ego
400 520 467 566 non
494 498 637 564 arbitror
663 497 759 562 illum
784 500 981 581 negaturum
1009 496 1107 581 signa
1135 518 1165 560 se

157 590 307 674 plurima,
330 589 461 652 tabulas
483 587 589 670 pictas
612 583 865 656 inumerabiles
888 585 1020 668 habere,
1043 585 1112 668 sed,
1134 588 1166 648 ut

159 679 286 762 opinor,
314 677 398 741 solet
425 676 518 759 haec,
546 696 629 758 qnae
656 673 766 756 rapuit
794 677 827 737 et
853 672 982 738 furatus
1011 676 1078 757 est,
1108 693 1187 737 nous

156 785 334 851 numquam
344 764 448 830 dicere
459 785 493 828 ee
503 763 629 845 emisse,
639 761 792 847 quoniam
807 760 938 846 quidem
952 761 986 825 in
1001 760 1167 844 Achaiam,

158 853 285 936 Asiam,
321 851 549 936 Pamphyliam
588 854 721 934 sumptu
755 849 886 934 publico
924 854 958 914 et
994 849 1168 936 legationis

157 941 288 1006 nomine
321 945 481 1006 mercator
516 940 684 1024 signoruni
720 938 972 1022 tabularumque
1010 938 1167 1022 pictarum

106 1030 276 1099 23missus
308 1033 368 1100 aet.
413 1029 522 1094 Habeo
553 1031 586 1092 et
618 1027 714 1092 istius
742 1031 776 1092 et
802 1025 906 1111 patris
934 1025 1006 1090 eius
1035 1026 1167 1110 [accepi]

158 1120 289 1184 tabulas
309 1139 430 1202 omnes,
453 1137 532 1200 quas
556 1115 805 1201 diligentissime
827 1115 895 1199 legi
918 1118 1019 1199 atque
1044 1115 1186 1200 digessii

158 1208 272 1291 patris,
291 1207 398 1291 quoad
416 1205 506 1289 vixit,
524 1208 608 1286 tuas,
627 1203 733 1288 quoad
752 1203 799 1270 ais
814 1207 847 1268 te
862 1202 1052 1268 confecisse.
1090 1203 1167 1268 Nan

159 1296 194 1360 in
215 1296 296 1379 isto,
318 1295 452 1378 iudices,
479 1293 541 1360 hoc
563 1315 684 1358 novum
706 1291 884 1375 reperietis.
928 1290 1097 1358 Audimus
1121 1293 1169 1356 ali-

160 1405 255 1467 quem
283 1383 414 1448 tabulas
440 1403 618 1466 numquam
646 1379 835 1462 confecisse3
867 1401 950 1464 quae
979 1385 1033 1444 est
1065 1380 1168 1464 opinio

159 1471 328 1536 hominum
343 1469 381 1540 de
394 1470 443 1534 M.
453 1469 597 1534 Antonio
611 1468 709 1552 falsa3
723 1491 799 1534 nam
813 1468 891 1534 tecit
906 1467 1167 1554 diligentissime,

158 1579 271 1622 verum
308 1557 352 1625 sit
383 1555 445 1624 hoc
478 1577 579 1642 genus
613 1557 756 1642 aliquod,
792 1556 925 1630 minime
957 1558 1169 1642 probandum.

159 1645 318 1710 Audimus
342 1645 442 1708 alium
465 1666 532 1709 non
555 1646 596 1709 ab
619 1645 713 1709 initio
736 1644 861 1727 fecisse,
887 1645 943 1708 sed
967 1665 1008 1708 ex
1027 1650 1169 1731 tempore

160 1735 270 1820 aliquo
298 1733 487 1819 confecisse3
517 1737 568 1798 est
596 1734 706 1817 aliqua
728 1733 827 1798 etiam
850 1733 985 1801 huiusce
1009 1735 1059 1799 rei
1082 1735 1169 1803 ratio.

159 1825 231 1890 Hoc
258 1846 334 1889 vero
361 1843 481 1888 novum
512 1825 545 1888 at
575 1821 746 1887 ridiculum
778 1825 840 1904 est,
874 1821 961 1905 quod
992 1821 1051 1888 hic
1082 1823 1170 1890 nobis

159 1909 1171 2084 tfttttnttttttlltttttttlstffttzl
1184 2024 1189 2043 2

108 2109 140 2156 oi
161 2089 333 2154 destitisse.
370 2087 446 2151 Alio
468 2083 548 2170 loco,
572 2086 634 2152 hoc
656 2086 746 2151 cuius
769 2085 858 2151 modi
881 2085 934 2169 sit,
957 2088 1171 2154 considerabi-

160 2198 241 2259 mus,
258 2197 343 2240 nunc
361 2174 445 2239 nihil
464 2175 504 2238 ad
524 2197 575 2240 me
594 2175 725 2258 attinet,
743 2174 861 2240 horum
877 2174 965 2239 enim
979 2178 1170 2261 temporum,

159 2265 193 2329 in
213 2263 329 2346 quibus
347 2284 433 2327 nunc
450 2284 570 2348 versor,
588 2263 694 2328 habeo
712 2263 843 2328 tabulas
862 2267 896 2327 et
912 2265 989 2328 tuas
1007 2267 1045 2330 et
1063 2265 1171 2350 patris.

159 2351 306 2418 Plurima
328 2350 423 2435 signa
445 2351 673 2436 pulcherrima,
694 2351 853 2436 plurimas
876 2351 1009 2416 tabulas
1030 2354 1170 2438 optimas

161 2440 349 2524 deportasse
367 2442 400 2504 te
423 2461 543 2525 negare
565 2461 632 2506 non
654 2443 762 2524 potee3
786 2443 883 2523 atque
906 2439 1037 2506 utinam
1060 2443 1169 2527 neges!

161 2550 260 2594 unum
279 2526 412 2592 ostende
430 2527 465 2593 in
482 2527 604 2594 tabulis
622 2532 680 2592 aut
693 2527 758 2592 tuis
774 2531 831 2592 aut
844 2527 948 2612 patris
963 2529 1014 2592 tui
1030 2535 1171 2614 emptum

51 2641 55 2646 ’
161 2639 244 2701 asse;
268 2615 384 2682 vicisti.
419 2613 470 2682 Ne
488 2616 569 2682 haec
588 2616 718 2699 quidem
739 2615 802 2680 duo
826 2616 920 2701 signa
943 2617 1171 2700 pulcherrima

161 2729 243 2792 quae
270 2725 356 2771 nunc
383 2703 424 2770 ad
451 2704 644 2789 impluvium
676 2708 769 2769 tunm
801 2707 904 2786 stant,
936 2726 1020 2788 quae
1053 2708 1171 2772 multos

161 2818 262 2862 annos
291 2797 367 2875 ante
398 2793 511 2859 valvas
543 2793 677 2858 Iunonis
705 2791 833 2884 Samiae
864 2795 1041 2878 steterunt,
1073 2795 1172 2860 habes

162 2907 223 2969 quo
242 2884 339 2952 modo
358 2881 485 2966 emeris,
506 2881 595 2964 haec,
618 2881 761 2966 inquam,
784 2881 855 2966 duc,
879 2901 962 2963 quae
980 2881 1017 2946 in
1041 2883 1171 2948 aedibus

161 2974 227 3036 tuis
255 2974 327 3039 sola
353 2971 420 3036 iam
443 2973 532 3054 sunt,
558 2991 639 3054 quae
663 2973 822 3036 sectorem
845 2973 1033 3054 expectant,
1060 2971 1172 3036 relicta

109 3081 198 3178 2„ac
222 3060 379 3126 destituta
402 3081 422 3124 a
445 3057 561 3124 ceteris
585 3058 697 3144 signis.

109 3194 141 3241 6,
227 3145 287 3230 Ac,
314 3147 423 3231 credo,
449 3147 484 3212 in
511 3146 599 3212 hisce
632 3147 711 3212 solis
733 3147 831 3212 rebus
852 3144 1031 3212 indomitas
1054 3145 1172 3232 cupidi-

161 3238 248 3300 tates
270 3238 368 3318 atque
391 3235 564 3300 effrenatas
587 3235 743 3318 habebat,
770 3238 906 3302 ceterae.
923 3234 1076 3300 libidines
1106 3236 1173 3300 eius

161 3322 286 3386 ratione
310 3320 420 3402 aliqua
443 3326 500 3388 aut
522 3322 618 3388 modo
642 3323 899 3388 continebantur.
937 3321 1043 3398 Quam
1061 3323 1172 3388 multis

161 3407 261 3468 istum
284 3407 442 3490 ingenuis,
465 3431 563 3490 quam
585 3411 699 3475 multis
723 3411 882 3476 matribus
900 3410 1044 3476 familias
1062 3412 1098 3476 in
1115 3412 1190 3496 illaq

114 3545 115 3548 ,
162 3495 269 3554 taetra
278 3496 376 3572 atque
389 3491 518 3574 impura
531 3497 696 3580 legatione
710 3498 776 3563 vim
791 3498 941 3562 attulisse
956 3497 1172 3564 existimatis?
1189 3503 1190 3544 ³
