2422 3952
170 197 213 263 68
333 195 405 251 PRO
424 195 501 251 SEX.
520 193 650 250 ROSOIO
670 194 837 250 AMERINO
856 195 1000 252 ORATIO.

170 339 350 426 mandavit,
378 341 448 424 sed,
474 339 508 405 id
530 340 616 424 quod
638 340 742 405 multo
766 339 898 426 gravius
921 343 985 423 ast,
1014 340 1086 427 ipse
1113 339 1184 408 Sex.

170 429 307 497 Roscius
335 449 408 496 cum
434 428 536 513 fama,
565 428 635 494 vita
661 427 819 511 bonisque
841 428 992 493 omnibus
1016 451 1037 494 a
1060 429 1186 496 decuri-

170 519 286 586 onibus
322 517 451 604 publice
485 517 520 581 Τ.
551 515 669 582 Roscio
701 516 872 581 mandatus
904 519 968 600 eat3
1005 519 1039 581 et
1072 538 1116 582 ex
1150 541 1186 584 eo

170 607 206 673 Τ.
224 606 360 674 Roscius
383 627 449 671 non
471 604 605 690 paulum
627 603 736 670 nescio
758 603 835 688 quid
855 603 890 667 in
907 625 976 669 rem
996 625 1092 672 suam
1112 629 1186 672 oon-

169 696 278 778 vertit,
302 694 358 760 sed
379 694 466 758 hunc
487 691 634 758 funditus
652 691 770 758 evertit
786 691 891 774 bonis,
912 692 983 776 ipse
1006 693 1074 758 tria
1092 717 1205 779 prees

170 783 224 848 dia
242 778 305 846 sibi
325 782 476 868 depectus
495 783 554 864 est,
577 781 780 846 voluntatem
798 779 1007 845 decurionum
1025 801 1065 846 ac
1080 785 1188 847 muni·

116 922 162 986 40
188 871 296 956 cipum
320 869 464 934 omnium
487 867 646 934 tantidem
669 867 784 952 quanti
804 867 901 932 fidem
924 887 1017 933 suam
1040 868 1135 936 fecit.

119 999 169 1054 116
236 955 352 1023 Videte
379 957 445 1023 iam
472 977 569 1042 porro
596 959 718 1039 cetera,
749 955 882 1039 iudices,
913 959 951 1020 ut
977 956 1186 1044 intellegatis

188 1047 382 1114 maleficium
399 1046 527 1112 nullum
544 1045 626 1130 tingi
643 1065 747 1129 posse,
771 1065 833 1128 quo
851 1043 915 1108 iste
934 1065 1005 1110 sese
1023 1067 1094 1110 non
1113 1069 1186 1112 con-

169 1135 347 1201 taminarit.
383 1134 422 1199 In
440 1136 537 1199 rebus
556 1133 735 1198 minoribus
754 1132 877 1198 socium
894 1131 1009 1196 fallere
1031 1135 1205 1220 turpissii

170 1247 259 1289 mum
287 1227 337 1288 est
364 1244 527 1307 aequeque
554 1225 650 1307 turpe
680 1224 777 1305 atque
808 1219 903 1304 illud,
935 1220 974 1285 de
1008 1242 1074 1305 qno
1110 1229 1186 1288 ante

170 1312 249 1395 dixi3
278 1333 382 1397 neque
409 1310 540 1394 iniuria,
567 1312 740 1394 propterca
770 1308 856 1392 quod
879 1308 1037 1374 auxilium
1062 1310 1130 1376 sibi
1154 1334 1185 1375 se

169 1403 265 1485 putat
293 1399 490 1482 adiunxisse,
518 1397 574 1481 qui
601 1419 674 1462 cum
702 1398 806 1462 altero
828 1417 897 1462 rem
921 1398 1185 1463 communicavit.

170 1487 222 1552 Ad
250 1488 339 1551 cuius
367 1487 468 1571 igitur
490 1484 587 1549 fidem
610 1485 788 1574 confugiet,
815 1506 888 1549 cum
910 1505 969 1570 per
992 1484 1062 1550 eius
1084 1487 1185 1552 fidem

170 1574 318 1658 laeditur,
341 1575 393 1639 cui
415 1594 450 1638 se
471 1573 694 1639 commiserit?
738 1573 847 1656 Atque
871 1595 909 1637 ea
933 1576 1010 1637 sunt
1035 1574 1205 1640 animem-1

169 1662 324 1729 vertenda
333 1665 467 1747 peecata
475 1661 623 1745 maxime,
632 1673 719 1746 'quae
734 1661 924 1726 difficillime
937 1667 1185 1746 praecaventur.

170 1751 263 1817 Tecti
280 1772 351 1816 esse
369 1750 411 1815 ad
429 1750 552 1815 alienos
571 1770 753 1834 possumus,
770 1749 878 1814 intimi
896 1750 1003 1814 multa
1016 1752 1185 1836 apertiore

169 1841 301 1907 videant
331 1860 462 1904 necesso
491 1841 555 1922 est,
591 1838 714 1904 socium
744 1859 857 1903 cavere
893 1837 950 1921 qui
984 1842 1185 1922 possumus?

171 1951 266 2014 quem
289 1928 388 1995 etiam
411 1928 440 1992 si
462 1925 650 2010 metuimus,
673 1926 723 1990 ius
746 1925 845 1991 officii
868 1923 1037 1991 laedimus.
1081 1926 1185 1993 Recte

171 2019 273 2104 igitur
296 2017 435 2082 maiores
458 2037 541 2098 eum,
564 2014 621 2100 qui
640 2014 762 2081 socium
779 2013 961 2098 fefellisset,
983 2013 1019 2078 in
1037 2015 1204 2082 virorumr

120 2107 348 2175 urbanorum
370 2124 504 2168 numero
526 2123 593 2168 non
615 2106 771 2186 putarunt
792 2101 908 2167 haberi
930 2107 1090 2188 oportere.
1139 2106 1185 2168 At

171 2213 249 2258 vero
279 2191 314 2256 Τ.
347 2189 484 2256 Roscius
513 2210 581 2254 non
611 2212 710 2256 unum
741 2190 790 2255 rei
820 2189 1025 2276 pecuniariae
1057 2192 1184 2256 socium

171 2279 290 2345 fefellit
318 2275 420 2366 (quod
446 2277 578 2344 tametsi
602 2299 701 2364 grave
728 2282 791 2362 est,
816 2283 926 2344 tamen
949 2279 1060 2362 aliquo
1083 2281 1204 2362 modo,

171 2387 267 2452 posse
289 2366 368 2432 ferri
389 2364 539 2452 videtur),
561 2388 673 2432 verum
690 2388 808 2432 novem
825 2367 972 2432 homines
990 2366 1204 2437 honestissii

171 2477 252 2541 mos,
275 2455 418 2531 eiusdem
440 2455 592 2538 muneris,
614 2455 798 2540 legationis,
820 2454 918 2520 officii
940 2455 1203 2522 mandatorum-2

173 2543 357 2629 quesocios,
365 2543 501 2628 induxit,
515 2543 649 2627 decepit,
663 2542 822 2627 destituit,
831 2543 1026 2608 adversariis
1035 2543 1185 2626 tradidit,

173 2633 262 2699 omni
287 2631 401 2697 fraude
428 2635 461 2696 et
488 2629 623 2716 perfidia
648 2629 781 2714 fefellit3
812 2631 869 2714 qni
895 2631 933 2696 de
961 2631 1029 2696 eius
1060 2631 1185 2696 scelere

172 2721 330 2808 suspicari
356 2718 440 2783 nihil
462 2721 651 2804 potuerunt,
680 2717 802 2784 socium
826 2717 925 2784 officii
948 2723 1090 2784 metuere
1114 2741 1186 2786 non

172 2810 359 2892 debuerunt,
382 2807 450 2872 eius
468 2805 629 2872 malitiam
646 2828 713 2872 non
731 2806 890 2890 viderunt,
913 2806 1055 2872 orationi
1075 2828 1203 2880 vanae,

172 2898 384 2964 crediderunt.
434 2893 550 2977 Itaque
580 2915 666 2959 nunc
697 2894 747 2959 illi
778 2893 925 2959 homines
957 2893 1203 2960 honestissimi!

171 2990 306 3071 propter
328 2983 424 3048 istius
447 2981 580 3047 insidias
603 3003 719 3066 pamm
741 2985 898 3066 putantur
925 2982 1013 3047 cauti
1040 2983 1185 3068 providi-

126 3149 129 3154 ,
173 3093 234 3155 que
246 3073 360 3155 fuisse,
377 3072 450 3152 iste,
469 3069 524 3153 qui
537 3069 632 3134 initio
651 3069 799 3154 proditor
815 3069 888 3154 fuit,
907 3069 1020 3135 deinde
1033 3069 1186 3157 perfuga,

172 3157 1185 3329 ttntttttttffltdtzt²,tttttttttfflttt

172 3333 271 3398 etiarn
294 3353 354 3397 nos
378 3354 415 3396 ac
437 3331 707 3398 minaturtribus
735 3333 890 3418 praediis,
920 3333 982 3401 hoe
1009 3297 1060 3400 es’t
1087 3357 1202 3419 prae-i

171 3420 247 3484 miis
270 3418 425 3500 sceleris,
438 3423 580 3484 omatus.
625 3418 665 3484 In
688 3420 755 3485 eius
778 3421 866 3486 modi
888 3421 970 3504 rita,
993 3421 1124 3504 iudices,
1148 3423 1184 3488 in

171 3508 223 3571 his
246 3511 298 3573 tot
320 3505 485 3587 tantisque
507 3506 726 3591 flagitiis-hoc
750 3528 877 3592 quoque
904 3509 1111 3593 maleficium,
1142 3510 1183 3575 de
