2392 3944
278 170 346 225 LIB.
365 172 392 226 11
433 170 509 226 OAP.
529 177 635 226 14-16
653 175 668 236 ξ
687 177 801 226 ec-cl.
974 171 1040 237 213

38 315 202 380 advocatis
229 313 298 380 edit
325 317 359 380 et
385 315 544 399 postulet,
576 317 613 378 ut
640 313 703 378 sibi
730 335 804 378 cum
830 314 1040 401 palaestritis,

38 403 93 468 boc
110 406 164 468 est
182 417 257 468 cum
274 402 396 487 populo
414 398 626 486 Syracusano,
648 423 751 485 aequo
768 401 838 468 iure
861 402 1040 487 disceptare

38 492 138 556 liceat.
184 489 375 557 Adversarii
401 491 584 575 postulent,
609 493 647 555 ut
674 489 710 555 in
732 511 804 556 eam
826 511 896 556 rem
918 489 1038 556 iudices

39 579 149 644 dentur
163 579 258 644 exiis
278 578 474 662 civitatibus,
493 600 575 663 quae
592 577 628 644 in'
645 577 679 642 id
695 578 804 644 forum
822 578 1039 662 convenirent,

20 667 142 751 selecti,
177 665 235 751 qui
266 664 362 733 Verri
397 667 595 750 riderentur,
631 665 802 733 Heraclius
839 669 966 750 contre,
1002 671 1040 732 ut

38 756 152 822 iudices
176 777 195 819 e
218 756 291 840 lege
313 754 445 840 Rupilia
472 755 601 839 dentur,
627 775 668 820 ne
695 756 737 820 ab
760 753 922 820 institutis
946 777 1039 839 supe-

39 844 165 927 riorum,
189 843 231 908 ab
251 843 446 910 auctoritate
464 845 606 927 senatus,
628 842 670 908 eb
693 842 763 908 iure
785 843 930 910 omnium
953 841 1039 910 Sicu·

39 933 138 998 lorum
171 931 350 999 recedatur.
401 931 486 1008 Quid
518 952 579 1018 ego
610 931 706 996 istius
737 931 773 997 in
802 931 872 996 iure
902 931 1038 998 dicundo
1051 901 1091 1028 132

40 1021 203 1086 libidinem
230 1023 264 1084 et
291 1019 412 1088 seelera
438 1019 679 1086 demonstrem?
712 1017 784 1102 quis
807 1023 951 1086 vestrum
973 1043 1041 1087 non

13 1109 66 1172 uin
85 1109 219 1174 urbana
239 1107 320 1172 iuris
343 1107 483 1175 dictione
505 1107 680 1194 cognovit?
702 1106 775 1191 quis
797 1129 952 1191 umquem
974 1107 1039 1174 isto

39 1201 184 1279 praetore
213 1193 390 1264 Chelidone
420 1196 524 1262 invita
555 1197 628 1281 lege
660 1215 757 1280 egere
784 1196 916 1280 potuit?
964 1194 1041 1261 Non

39 1286 140 1367 istum,
164 1287 288 1350 utnon
304 1284 475 1368 neminem,
497 1283 664 1370 prouincia
684 1282 838 1368 corrupit,
860 1283 946 1348 idem
968 1283 1040 1367 fuit,

41 1374 86 1456 qui
107 1373 246 1438 Romae.
291 1369 373 1438 Cum
399 1372 446 1457 id,
473 1372 561 1457 quod
587 1391 700 1436 omnes
722 1371 973 1457 intellegebant,
995 1372 1040 1437 di·

41 1465 119 1527 ceret
142 1459 326 1544 Heraclius,
348 1463 472 1528 certum
494 1460 545 1527 iua
568 1481 639 1526 esse
661 1457 778 1526 Siculis
800 1459 835 1524 in
851 1480 886 1526 er
910 1481 953 1544 se,
976 1480 1040 1543 quo

14 1551 101 1616 liure
119 1552 297 1631 comerent,
314 1549 420 1635 legem
438 1569 509 1614 esse
526 1547 701 1633 Rupiliam,
725 1569 822 1632 quam
839 1547 875 1624 P,
889 1547 1039 1634 Rupilius

42 1638 147 1704 consul
176 1637 216 1702 de
243 1636 352 1706 decem
378 1638 562 1722 legatorum
590 1635 751 1703 sententia
776 1636 930 1720 dedisset3
956 1637 1041 1703 hanc
1070 1713 1075 1726 ι

43 1748 145 1792 omnes
179 1746 308 1810 semper
338 1725 374 1791 in
400 1722 511 1791 Sicilia
541 1725 689 1791 consules
720 1727 950 1808 praetoresque
978 1745 1041 1789 ser·

43 1837 140 1880 resse:
167 1813 304 1899 negavit
331 1834 365 1880 se
391 1812 511 1880 iudices
544 1814 656 1898 elego
680 1811 813 1896 Rupilia
840 1811 1040 1894 sortiturum,

44 1904 177 1988 quinque
214 1900 348 1984 iudices,
384 1922 465 1985 quos
500 1901 564 1987 ipsi
595 1898 801 1967 commodum
831 1896 908 1984 fuit,
944 1897 1040 1962 dedit.

16 1990 119 2066 cond
151 1991 215 2056 hoc
247 1989 378 2055 homine
408 1988 532 2056 facies?
564 1988 650 2072 quod
682 1984 877 2072 supplicium
907 1985 1041 2072 dignum
1058 1997 1093 2046 co

44 2078 169 2146 libidine
198 2078 266 2144 eius
293 2077 460 2144 invenias?
499 2076 741 2161 Praescriptum
765 2074 828 2140 tibi
850 2097 923 2140 oum
946 2076 1041 2159 esset,

44 2167 133 2233 homo
156 2166 330 2232 deterrime
353 2169 386 2230 et
407 2165 699 2250 impudentissime,
727 2185 822 2248 quem
846 2162 1040 2229 admodum

44 2255 156 2321 iudices
188 2255 275 2320 inter
302 2251 427 2319 Siculos
455 2253 563 2337 dares,
593 2275 667 2318 oum
693 2251 900 2337 imperatoris
927 2251 1041 2336 populi

45 2341 176 2410 Romani
207 2340 399 2425 auctoritas,
430 2342 614 2427 legatorum
639 2359 676 2426 X,
708 2362 908 2406 summorum
938 2340 1041 2406 homi·

18 2445 127 2515 snum,
149 2431 310 2517 dignitas,
332 2432 463 2494 senatus
489 2429 674 2494 consultum
698 2427 923 2511 intercederet,
951 2427 1040 2494 cuius

47 2520 185 2584 consulto
212 2518 249 2584 P.
272 2517 422 2603 Rupilius
450 2517 488 2582 de
511 2535 536 2582 x
560 2518 745 2602 legatorum
768 2516 929 2582 sententia
951 2516 1041 2601 leges

46 2606 75 2670 in
105 2605 217 2674 Sicilie
252 2606 477 2688 constitueret,
514 2626 587 2672 cum
623 2624 734 2670 omnes
771 2607 847 2670 ente
882 2608 916 2670 te
951 2624 1042 2688 prae-

47 2697 141 2760 torem
159 2694 310 2779 Rupilias
328 2693 418 2780 leges
436 2697 469 2758 et
489 2692 524 2758 in
546 2693 661 2758 ceteris
684 2692 780 2758 rebus
803 2695 836 2756 et
858 2689 893 2758 in
914 2689 1040 2756 iudiciis

49 2784 175 2850 maxime
194 2783 432 2865 observassent,
454 2785 492 2846 tu
509 2802 606 2846 ausus
626 2801 660 2846 es
677 2802 737 2865 pro
755 2780 859 2845 nihilo
882 2799 960 2864 prae
982 2782 1041 2841 tue

21 2872 155 2951 tepraede
168 2875 222 2937 tot
240 2891 292 2936 res
310 2869 532 2936 sanctissimas
553 2868 688 2934 ducere?
710 2868 773 2934 tibi
789 2867 882 2934 nulle
899 2866 952 2932 lex
969 2863 1041 2946 fuit,

49 2959 129 3026 nulle
140 2959 268 3046 religio,
286 2958 396 3023 nullus
411 2957 659 3022 existimationis
672 2956 785 3042 pudor,
802 2953 913 3019 nullus
930 2951 1042 3019 iudicii

49 3049 164 3113 metus?
200 3046 324 3112 nullius
360 3045 445 3130 opud
476 3049 510 3110 te
545 3045 654 3132 gravis
686 3042 878 3125 auctoritas,
913 3040 1040 3106 nullum

50 3137 233 3221 exemplum,
266 3134 352 3218 quod
383 3133 475 3217 sequi
505 3133 637 3200 velles?
678 3130 813 3213 Verum,
844 3132 883 3197 ut
913 3128 1041 3194 institui
1059 3139 1091 3188 41

1 3285 2 3288 ,
51 3221 155 3308 dicere,
182 3223 324 3307 quinque
350 3221 509 3287 iudicibus
535 3221 627 3286 nulla
654 3220 685 3284 le
710 3241 740 3300 e,
766 3216 857 3284 nullo
880 3216 1041 3299 instituto,

22 3309 130 3375 onuba
154 3310 340 3395 reiectione,
366 3309 458 3376 nulle
485 3313 573 3376 sorte
601 3330 639 3374 ex
666 3239 800 3372 liiidine
826 3305 922 3372 istius
947 3303 1041 3388 datis,

51 3415 109 3461 non
132 3400 185 3484 qui
212 3419 343 3464 onmem
370 3400 615 3482 cognoscerent,
647 3393 704 3460 sed
731 3392 799 3478 qui,
831 3393 917 3478 quod
943 3392 1042 3478 impe·

53 3487 147 3550 ratum
164 3490 260 3570 esset,
279 3485 467 3568 indicerent,
490 3506 527 3550 eo
547 3483 597 3550 die
614 3481 697 3548 nihil
716 3485 824 3549 ectum
844 3486 907 3566 eat,
929 3481 1041 3546 edesse
