2386 3938
159 137 223 202 158
421 165 431 178 .
457 133 497 188 iu
516 133 545 188 1.
564 131 816 189 1111111111.
835 133 870 187 11.

156 281 276 366 impias
298 303 337 346 aa
354 278 531 364 sacrilegas
550 278 665 343 afferro
683 281 818 344 conatus
837 277 894 343 es?
931 275 1013 344 Siin
1024 280 1165 365 pueritia

155 391 224 436 non
248 370 290 434 iis
318 368 444 434 artibus
470 389 510 432 ac
535 366 714 451 disciplinis
740 366 912 431 institutus
941 389 1026 452 eras,
1057 371 1098 433 ut
1124 391 1165 450 ea,

157 479 240 543 quae
257 457 377 524 litteris
394 455 550 521 mandate
566 459 653 539 sunt,
673 454 930 538 discernatque
948 475 1167 542 cognosceres,

156 569 198 612 ne
220 551 336 632 postea
358 543 496 628 quidem,
518 565 592 609 aum
605 543 642 607 iu
655 564 695 607 ea
706 543 779 627 ipsa
792 543 865 608 loca
878 543 1009 628 venisti,
1029 543 1167 628 potuisti

158 636 302 720 accipere
327 633 375 716 id,
401 631 488 716 quod
514 635 566 696 est
591 631 758 716 proditum
784 631 942 696 memoria
964 655 1004 697 ac
1025 631 1167 696 litteris?

103 723 320 794 ecbatanam
346 742 386 786 ex
411 721 513 806 longo
539 740 648 784 errore
674 723 708 784 et
733 719 814 804 fuga
841 719 1013 805 gravidam
1040 724 1078 785 et
1108 721 1168 784 ian

158 811 200 877 ad
229 808 421 894 pariendum
450 808 653 893 temporibus
683 807 805 873 exactis
835 807 1023 894 confugisse
1052 807 1168 874 Delum

157 904 256 983 atque
286 897 335 963 ibi
365 897 553 982 Apollinem
579 895 783 981 Dianamque
814 896 994 982 peperisse,
1030 919 1102 982 qua
1136 919 1168 960 ex

156 987 309 1074 opinione
321 985 491 1051 hominum
502 985 562 1049 illa
574 984 682 1048 insula
698 1005 809 1049 eorum
823 984 958 1049 deorum
968 1006 1068 1050 sacra
1084 989 1168 1070 puta·

157 1081 225 1162 tur,
237 1079 395 1160 tantaque
413 1074 482 1139 eius
500 1073 678 1139 auctoritas
695 1072 864 1159 religionis
883 1077 917 1136 et
931 1077 983 1138 cst
998 1077 1031 1138 et
1045 1095 1168 1158 semper

156 1165 231 1248 fuit,
252 1169 290 1230 ut
311 1185 353 1229 ne
375 1162 493 1228 Persae
516 1161 658 1246 quidem,
681 1182 754 1226 cum
776 1161 899 1225 bellum
921 1161 988 1226 toti
1007 1160 1167 1244 Graeciae,

158 1252 208 1317 dis
230 1251 482 1335 hominibusque
502 1249 696 1314 indixissent
718 1253 752 1315 et
774 1249 864 1313 mille
881 1270 1019 1316 numero
1037 1251 1168 1316 navium

157 1341 296 1407 classem
322 1339 364 1405 ad
385 1337 506 1404 Delum
532 1339 747 1423 appulissent,
774 1337 946 1422 quiequam
974 1343 1167 1404 conarentur

158 1433 216 1494 aut
237 1429 361 1494 violare
384 1432 441 1491 aut
464 1427 635 1512 attingere.
678 1425 750 1492 Hoc
771 1429 810 1490 tu
834 1424 948 1490 fanum
976 1426 1167 1512 depeculari,

157 1516 256 1581 homo
282 1514 524 1599 improbissime
546 1519 644 1600 atque
667 1513 895 1598 amentissime,
919 1514 1090 1581 audebas?
1111 1515 1168 1578 fuit

157 1603 228 1668 ulls
257 1601 419 1688 cupiditas
443 1607 552 1686 tante,
581 1625 664 1688 quae
689 1606 818 1668 tantam
845 1603 1074 1688 exstingueret
1101 1603 1167 1668 reli·

159 1693 310 1780 ponem?
358 1690 404 1756 Et
436 1691 465 1756 si
495 1695 568 1756 tum
597 1690 679 1758 haec
708 1712 776 1756 non
802 1691 987 1776 cogitabas,
1018 1713 1062 1757 11
1090 1711 1168 1756 nunc

159 1781 289 1866 quidem
315 1779 496 1846 recordaris
517 1780 646 1844 nullum
668 1800 738 1844 asse
760 1782 889 1844 tantum
912 1780 1052 1865 malum,
1088 1777 1177 1865 quod*

107 1891 226 1981 19111
246 1869 310 1934 tibi
331 1890 391 1954 pro
415 1868 591 1934 sceleribus
614 1868 680 1932 tuis
702 1867 769 1933 iam
791 1867 847 1931 diu
869 1866 1050 1934 debeatur?

105 1994 140 2043 49
224 1957 265 2022 In
287 1957 403 2022 Asiam
429 1978 506 2022 vero
533 1959 708 2040 postquam
735 1955 838 2040 venit,
868 1955 945 2040 quid
969 1978 1032 2042 ego
1055 1957 1166 2022 adven-

159 2050 213 2109 tus
231 2045 338 2126 istius,
356 2044 502 2130 prandia,
524 2064 629 2128 cenas,
651 2065 751 2128 equos
765 2065 962 2127 muneraque
977 2065 1166 2110 commemo

158 2131 249 2196 rem?
271 2131 355 2194 nihil
373 2153 447 2197 cum
459 2130 563 2197 Verre
583 2131 622 2196 de
639 2131 810 2197 cotidianis
829 2131 1019 2198 criminibus
1039 2138 1165 2200 aeturus

160 2239 245 2301 sum,
268 2215 350 2282 Chio
372 2239 431 2302 par
453 2219 520 2284 vim
543 2220 640 2304 signa
656 2218 876 2306 pulcherrima
894 2220 964 2285 dico
985 2218 1167 2302 abstulisse,

158 2306 239 2370 item
268 2303 422 2390 Erythris
457 2313 492 2372 et
525 2307 768 2374 Halicarnasso.
820 2307 948 2373 Tenedo
986 2307 1166 2394 (praetereo

159 2393 343 2478 pecuniam,
373 2417 476 2479 quam
508 2394 641 2481 eripuit)
673 2396 793 2461 Tenem
831 2397 953 2481 ipsum,
990 2397 1048 2480 qui
1088 2394 1166 2481 apud

158 2480 317 2547 Tenedios
340 2482 562 2548 sanctissimus
586 2484 664 2549 deus
686 2485 839 2569 habetur,
862 2485 917 2568 qui
939 2484 1055 2550 urbem
1078 2486 1166 2549 illan

159 2569 277 2637 dicitur
303 2570 497 2655 condidisse,
524 2571 614 2652 euius
640 2593 681 2636 ex
700 2573 832 2637 nomine
854 2571 1001 2637 Tenedus
1024 2574 1165 2638 nomina-

158 2662 221 2743 tur,
243 2657 329 2724 hunc
350 2658 468 2744 ipsum,
489 2659 775 2744 inquam,‹Tenem
798 2660 1014 2744 pulcherrime
1036 2660 1166 2742 factum,

158 2768 254 2831 quem
289 2747 451 2831 quondam
476 2747 512 2811 in
541 2747 673 2812 comitio
703 2747 846 2833 vidistis,
878 2749 1016 2813 abstulit
1048 2769 1177 2836 magno*

104 2843 139 2894 50
157 2857 231 2900 cum
261 2835 385 2920 gemitu
416 2835 568 2900 civitatis.
617 2834 682 2900 llla
707 2856 784 2901 vero
812 2837 967 2920 expilatio
994 2835 1065 2902 fani
1089 2836 1165 2902 anti-

64 2958 67 2962 ·
152 2923 307 3005 ¹quissimi
329 2927 363 2988 et
384 2923 582 2988 nobilissimi
599 2921 732 2988 Iunonis
755 2921 883 2989 Samiae
902 2945 1001 3009 quam
1018 2926 1164 2991 luctuosa

157 3005 275 3074 Samiis
297 3010 371 3095 fuit,
393 3032 491 3097 quam
510 3011 628 3076 acerba
644 3012 709 3076 toti
726 3011 835 3096 Asiae,
858 3034 955 3096 quam
974 3013 1065 3078 clara
1083 3011 1164 3098 apud

158 3116 284 3179 omnes,
311 3120 408 3183 quam
430 3099 552 3165 nemini
574 3103 720 3164 vestrum
741 3099 901 3165 inaudita!
945 3099 1085 3185 Deque
1117 3123 1163 3166 er-

156 3183 314 3266 pilatione
337 3208 410 3250 cum
433 3188 537 3274 legati
560 3187 601 3253 ad
623 3186 657 3253 O.
680 3185 844 3253 Neronem
872 3188 908 3252 in
930 3188 1046 3254 Asiam
1069 3186 1162 3254 Samo

156 3270 330 3354 venissent,
352 3294 544 3356 responsum
566 3276 721 3359 tulerunt,
744 3275 812 3340 eius
834 3275 923 3341 modi
940 3239 1177 3360 querimoniasi

158 3373 239 3436 quae
263 3357 304 3418 ad
325 3357 472 3442 legatum
494 3362 608 3445 populi
631 3363 771 3428 Romani
793 3364 1009 3449 pertinerent,
1037 3385 1104 3430 non
1126 3353 1177 3448 ad]

155 3441 354 3524 praetorem,
383 3444 440 3507 sed
466 3445 605 3513 Romam
632 3449 751 3516 deferri
778 3453 938 3536 oportere.
989 3449 1075 3528 Quas
1103 3451 1177 3517 iste'
