2404 3928
274 181 341 238 LlB.
360 181 398 236 IV
431 180 506 238 GAP.
526 187 631 237 20-22
649 187 665 248 ἕ
683 189 797 238 44-48.
971 183 1036 250 383

29 315 91 410 sed,
117 325 238 410 quibus
255 293 510 391 multafortuna
532 325 715 409 ademisset,
738 330 849 391 tamen
871 326 957 412 apud
981 349 1036 393 eos
1112 341 1114 344 ’

28 414 228 479 remansisse
249 436 296 497 ea,
319 435 400 498 quae
423 414 539 499 religio
563 415 759 479 retinuisset.
800 414 885 497 Dixi,
907 415 1037 502 iudices,
1055 432 1088 483 47

28 503 133 568 multa
152 501 255 567 fuisse
276 501 344 566 fere
367 503 452 586 apud
475 524 586 567 omnes
609 501 747 586 Siculos3
771 523 831 589 ego
854 503 940 568 idem
963 526 1037 569 con·

28 592 121 656 firmo
136 612 225 656 nunc
241 611 283 654 ne
301 612 400 655 unum
419 591 548 674 quidem
567 612 645 656 esse.
676 590 759 667 Quid
776 591 838 656 hoc
856 593 928 657 est?
952 592 1039 676 quod

10 680 87 745 ⁵hoc
102 684 298 762 monstrum,
308 678 394 764 quod
407 679 592 766 prodigium
605 680 640 744 in
652 680 853 764 provinciam
867 680 1036 745 misimus?

29 767 146 833 Nonne
165 767 259 833 vobis
277 767 310 832 id
330 767 436 853 egisse
453 767 590 852 videtur,
607 772 645 832 ut
662 789 729 834 non
745 769 840 834 unius
860 768 1037 854 libidinem,

29 879 91 922 non
105 877 187 922 auos
205 856 326 940 oculos,
345 856 401 920 sed
419 856 564 921 omnium
583 856 865 941 cupidissimorum
882 858 1037 943 insanias,

30 967 98 1010 cum
121 944 265 1010 Romam
291 944 493 1028 revertisset,
521 945 687 1029 expleret?
732 944 793 1020 Qui
819 945 1037 1030 simulatque

30 1034 61 1096 in
79 1033 237 1119 oppidum
256 1032 432 1118 quoppiam
453 1037 597 1117 venerat,
617 1033 870 1098 immittebantur
891 1034 942 1098 illi
965 1056 1038 1100 con·

10 1122 119 1186 orinuo
143 1120 322 1206 Cibyratici
341 1143 445 1205 canes,
468 1122 524 1206 qui
541 1121 784 1206 investigabam
802 1126 835 1186 et
857 1126 1037 1204 perscruta·

31 1210 150 1275 bantur
164 1210 283 1276 omnia.
319 1208 353 1275 si
372 1209 458 1293 quod
475 1213 547 1274 erat
564 1209 685 1295 grande
703 1231 761 1275 vas
781 1213 814 1274 ct
832 1210 936 1274 maius
956 1232 1036 1295 opus

32 1298 212 1383 inventum,
235 1297 314 1364 laeti
337 1297 538 1381 adferebant3
564 1298 592 1362 si
614 1296 720 1362 minue
744 1298 812 1363 eius
836 1299 924 1364 modi
947 1299 1037 1385 quip-

32 1387 116 1469 piam
149 1387 262 1452 venari
288 1390 476 1472 pomerani,
507 1387 567 1451 illa
594 1385 722 1471 quidem
748 1391 835 1452 certe
860 1408 921 1471 pro
949 1388 1038 1472 lepu-

35 1476 127 1540 sculis
156 1475 381 1560 capiebantur,
412 1474 567 1560 patellae,
598 1477 744 1560 paterae,
775 1475 930 1540 turibula.
975 1476 1038 1542 Hic

10 1563 1038 1736 &⁵{limittittltttlttmadtlttttttttt

36 1759 99 1805 essa
135 1741 322 1824 videantur,
358 1739 413 1803 sed
449 1760 604 1826 magnum
641 1744 674 1804 ct
710 1739 860 1805 acerbum
893 1739 1038 1804 dolorem

38 1831 249 1913 commovent,
284 1827 482 1892 mulierculis
513 1827 716 1912 praesertim,
753 1849 825 1893 cum
857 1827 1038 1910 eripiuntur

38 1917 226 1982 emanibus
253 1938 304 2001 ea,
332 1915 449 2002 quibus
475 1915 590 1980 adres
614 1915 739 1980 divinas
761 1915 811 1979 uti
826 1918 1039 2000 ‘consuerunt

11 2015 112 2086 ltquae
126 2029 148 2070 a
162 2005 230 2070 suis
245 2008 445 2090 acceperunt,
465 2026 546 2088 quae
560 2003 595 2067 in
607 2002 735 2068 familia
754 2024 881 2088 semper
897 2002 1043 2072 fuenmt„

95 2093 159 2159 Hic
178 2093 280 2158 nolite
299 2096 476 2178 expectare,
500 2092 576 2157 dum
595 2113 656 2178 ego
678 2092 759 2158 haec
782 2091 918 2158 crimina
940 2111 1037 2177 agam
1048 2063 1091 2191 ἓξ

39 2182 187 2266 ostiatim,
205 2182 248 2247 ab
262 2180 426 2264 Aeschylo
440 2181 661 2264 Tyndaritano
679 2180 780 2247 istum
797 2184 945 2266 pateram
964 2180 1038 2245 abs-

40 2270 160 2354 tulisse,
197 2293 218 2334 a
248 2268 415 2334 Thrasone
446 2269 525 2334 item
557 2269 778 2352 'lynderitano
810 2269 982 2354 patellam,
1019 2291 1038 2333 a

40 2353 266 2444 Nymphodoro
284 2357 502 2444 Agrigentino
529 2357 718 2422 turibulum.
763 2355 846 2422 Cum
873 2360 975 2421 testes
999 2379 1037 2421 ex

13 2441 143 2513 asteilia
166 2447 265 2529 dabo,
290 2467 385 2530 quem
407 2446 497 2510 volet
518 2445 575 2509 ille
598 2444 713 2530 eligat,
737 2465 833 2528 quem
856 2465 918 2530 ego
940 2445 1038 2509 inter-

41 2553 144 2620 rogem
164 2536 203 2599 dc
225 2534 371 2620 patellis,
393 2533 530 2619 pateris,
552 2532 719 2616 turibulis3
740 2553 807 2596 non
828 2532 924 2597 modo
949 2532 1037 2615 oppi-

42 2619 108 2687 dum
133 2624 275 2707 nullum,
302 2622 359 2687 sed
384 2644 425 2687 ne
450 2623 564 2686 domus
588 2620 717 2704 quidem
739 2621 809 2685 ulla
830 2621 929 2706 paulo
952 2619 1037 2684 locu-

41 2710 152 2790 pletior
180 2733 293 2797 expers
319 2710 414 2775 huius
437 2710 572 2775 iniuriae
595 2709 782 2794 reperietur.
824 2709 981 2785 Quicum
1003 2707 1039 2771 in

43 2801 216 2866 convivium
252 2800 406 2882 venisset,
443 2799 471 2862 si
507 2798 678 2883 quicquam
711 2797 828 2863 caelati
859 2798 1038 2880 aspexerat,

15 2887 348 2972 ³⁰marrus-abstinere,
369 2887 504 2970 iudices,
526 2907 592 2952 non
614 2890 752 2972 potarat.
788 2883 845 2950 On.
864 2883 1037 2967 Pompeius

43 2978 93 3059 est,
113 2976 211 3042 Philo
230 2977 285 3060 qui
302 2976 375 3060 fuit,
396 2975 645 3059 Tyndaritanos.
681 2972 714 3038 Is
733 2994 845 3038 cenam
862 2971 920 3035 isti
939 2971 1038 3035 dabat

43 3065 119 3146 apud
145 3066 259 3132 villam
284 3065 320 3129 in
341 3063 571 3148 Tyndaritano.
611 3062 715 3146 Fecit,
741 3061 827 3145 quod
850 3058 951 3125 Siculi
972 3079 1039 3124 non

44 3153 208 3239 audebant3
230 3154 302 3238 ille,
324 3153 403 3218 civis
426 3152 592 3217 Romanus
616 3150 702 3235 quod
725 3153 808 3233 erat,
830 3147 982 3233 inpunius
1004 3147 1039 3211 id

33 3241 248 3308 defecturum
266 3241 407 3326 putarit3
431 3240 583 3325 apposuit
600 3239 765 3324 patellam,
788 3238 823 3301 in
841 3258 905 3321 qua
928 3235 1039 3321 sigilla

16 3333 127 3395 terant
154 3330 296 3417 egregia.
334 3328 403 3394 iste
430 3329 582 3394 continuo
608 3326 762 3412 stridit,
788 3336 855 3390 'non
877 3323 1040 3389 dubitavit

46 3412 115 3483 illud
132 3419 260 3505 insigne
278 3417 445 3503 penatium
467 3416 743 3501 hospitaliumque
766 3414 900 3480 deorum
923 3435 961 3477 ex
982 3412 1039 3477 ho·

46 3505 147 3586 spitali
164 3527 276 3573 mensa
294 3507 425 3590 tollere,
448 3505 504 3571 sed
527 3509 651 3590 tamen,
674 3504 761 3590 quod
784 3508 859 3570 ante
882 3503 920 3566 de
943 3500 1038 3565 istius
