2470 3936
161 175 226 240 448
463 173 502 227 IN
520 172 549 228 Ο.
563 171 717 227 VERREM
735 171 812 227 ACT.
831 172 864 226 II.

108 290 149 419 {21
226 317 374 402 Denique
393 339 465 383 eum
485 337 523 382 ex
542 319 672 382 senatus
694 316 844 382 consulto
866 316 1009 400 itemque
1029 315 1145 400 exlege

161 405 313 472 Terentia
345 410 378 471 et
406 404 519 471 Cassia
550 404 750 470 frumentum
781 404 997 488 aequabiliter
1027 403 1086 470 emi
1113 404 1146 468 ab

162 495 312 560 omnibus
327 491 456 560 Siciliae
470 493 656 560 civitatibus
672 495 847 578 oporteret,
860 493 894 556 id
909 514 1035 576 quoque
1048 513 1149 558 munus

161 584 234 649 leve
252 587 349 668 atque
367 603 536 648 commune
553 581 757 646 Mamertinis
778 581 944 648 remisisti.
984 580 1077 648 Dices
1097 581 1152 644 iru-

161 676 307 736 mentum
329 670 541 736 Mamertinos
563 691 630 734 non
652 669 776 735 debere.
813 669 885 746 Quo
909 669 1006 734 modo
1028 691 1093 735 non
1111 669 1173 732 der

161 760 260 826 bere?
284 781 327 824 an
344 762 382 822 ut
404 779 445 823 ne
468 758 664 824 venderent?
686 757 862 824 nonenim
886 761 959 822 erat
980 758 1043 824 boc
1066 778 1155 844 genus

161 846 317 913 frumenti
344 867 383 910 ex
410 868 448 912 eo
476 867 607 934 genere,
634 846 720 930 quod
747 845 946 931 exigeretur,
974 845 1030 911 sed
1058 867 1156 928 exeo,

163 936 248 1020 quod
281 937 449 1002 emeretur.
499 935 554 1002 Te
574 934 675 1021 igitur
705 937 836 1000 auctore
864 938 897 1000 et
923 934 1156 1019 interpretem

161 1024 234 1090 foro
258 1024 388 1110 quidem
411 1028 444 1089 et
467 1026 649 1090 commeatu
667 1021 854 1088 Mamertini
875 1023 989 1087 iuvare
1012 1023 1158 1108 populum

110 1127 144 1178 53
162 1113 346 1180 Romanum
363 1112 551 1178 debuerunt.
584 1109 676 1185 Quae
698 1111 829 1176 tandem
853 1111 970 1176 civitas
992 1110 1067 1192 fuit,
1087 1131 1159 1196 quae
1171 1127 1194 1166 1⁰

163 1202 316 1268 deberet?
357 1199 420 1276 Qui
441 1200 589 1284 publicos
612 1219 710 1284 agros
734 1201 838 1281 arant,
861 1203 987 1264 eertum
1011 1204 1070 1283 est,
1092 1197 1162 1283 quid

164 1312 181 1357 e
204 1293 278 1378 lege
304 1288 450 1355 censoria
473 1288 623 1370 debeant,
650 1308 707 1352 cur
728 1285 781 1351 bis
804 1287 978 1371 quicquam
1001 1290 1163 1372 praeterea

163 1401 201 1445 ex
216 1381 281 1444 alio
296 1398 412 1464 genere
426 1374 650 1461 imperavisti?
682 1374 788 1452 Quid?
807 1375 977 1441 decumani
995 1397 1076 1442 num
1093 1375 1163 1460 quid

161 1470 291 1552 praeter
319 1465 465 1550 singulas
493 1465 643 1530 decumas
671 1484 709 1528 ex
734 1463 807 1550 lege
830 1463 1007 1531 Hieronica
1031 1463 1163 1530 debent?

162 1553 287 1620 curbis
308 1573 436 1637 quoque
459 1551 614 1634 statuisti,
637 1555 795 1634 quantum
817 1552 940 1618 exhor
965 1573 1084 1639 genere
1104 1551 1198 1616 aaa

162 1642 266 1708 menti
293 1640 394 1725 empti
422 1639 557 1706 darent?
599 1639 683 1716 Quid
709 1639 890 1706 immunes?
917 1640 954 1705 hi
977 1645 1066 1706 certe
1087 1640 1163 1706 nihil

163 1731 289 1796 debent.
334 1729 381 1793 At
413 1728 458 1794 eis
490 1750 557 1795 non
583 1727 679 1792 modo
705 1727 888 1814 imperasti,
918 1750 1035 1794 verum
1063 1729 1164 1812 etiam,

163 1841 226 1904 quo
246 1819 320 1905 plus
341 1817 464 1900 darent,
487 1838 584 1901 quam
606 1819 767 1900 poterant,
790 1816 869 1882 haee
892 1838 1058 1902 sexagena
1080 1817 1167 1882 milia

162 1907 315 1991 modium,
335 1928 416 1990 quae
434 1905 637 1970 Mamertinis
655 1904 836 1988 remiseras,
857 1904 1021 1970 addidisti.
1057 1905 1167 1990 Neque

162 1995 224 2062 hoc
249 1995 336 2078 dico,
363 1993 479 2060 ceteris
505 2015 572 2058 non
598 1995 685 2057 recte
711 1993 922 2078 imperatum,
948 1993 1006 2058 sed
1032 1993 1201 2060 Mamer-s

162 2083 254 2166 tinia,
270 2083 333 2166 ,qui
351 2085 444 2146 erant
464 2081 499 2145 in
521 2080 632 2146 eadem
655 2101 766 2165 eausa,
789 2084 822 2146 et
845 2081 961 2164 quibus
985 2083 1168 2166 superiores

163 2191 273 2234 omnes
289 2171 483 2253 [praetores]
491 2167 578 2233 item
592 2173 629 2234 ut
642 2168 759 2234 ceteris
772 2169 972 2252 imperarant
985 2170 1167 2254 pecuniam·

163 2279 223 2340 que
238 2278 277 2321 ex
291 2259 421 2322 senatus
437 2255 585 2322 consulto
600 2261 633 2322 et
647 2257 772 2342 exlege
786 2257 1013 2342 dissolverant,
1032 2259 1086 2323 his
1100 2259 1167 2324 dico

161 2366 228 2410 non
249 2348 336 2410 reete
359 2343 539 2410 remissurn.
574 2343 619 2410 Et
642 2347 679 2408 ut
700 2344 763 2410 boe
785 2345 985 2429 beneficium,
1008 2346 1168 2430 quemad

162 2433 294 2499 modum
326 2431 457 2517 dicitur,
487 2433 609 2498 trabali
641 2434 733 2498 clavo
765 2433 894 2519 figeret,
925 2455 999 2498 eum
1032 2435 1167 2500 oonsilio
1180 2449 1226 2510 15Ἰ

163 2545 294 2589 oausam
320 2520 589 2587 Mamertinorum
619 2521 787 2606 cognoscit
814 2524 847 2586 et
871 2521 913 2586 de
940 2522 1072 2587 consilii
1099 2545 1168 2588 sen·

161 2611 266 2676 tentia
292 2609 497 2675 Mamertinis
526 2631 561 2675 se
590 2609 788 2675 frumentum
814 2630 881 2674 non
907 2609 1071 2694 imperare
1098 2633 1167 2696 pro
1225 2631 1226 2654 ¹

109 2711 144 2762 54
161 2699 300 2765 nuntiat.
349 2697 470 2763 Audite
502 2697 664 2783 decretum
696 2697 909 2765 mercennarii
939 2699 1104 2782 praetoris
1131 2721 1169 2764 ex

162 2788 265 2873 ipsius
284 2787 516 2853 commentario
535 2790 568 2851 et
586 2785 781 2872 cognoscite,
805 2790 926 2869 quanta
943 2785 979 2849 in
997 2786 1168 2852 scribendo

163 2876 322 2962 gravitas,
349 2878 472 2959 quanta
498 2874 533 2938 in
560 2873 785 2940 constituendo
813 2874 882 2939 iure
909 2873 954 2938 sit
978 2875 1167 2940 auctoritas.
1180 2890 1204 2932 ³⁰

161 2963 285 3031 Recita.
317 2961 603 3029 Oonrmu'rnnlus.
634 2961 674 3027 D.
689 2961 723 3028 Ο.
738 2959 769 3026 S.
783 2961 923 3028 libenter
941 2962 990 3026 ait
1008 2962 1168 3029 sefacere

161 3051 272 3135 itaque
294 3051 475 3136 perscribit.
517 3051 610 3135 Quid,
633 3051 661 3116 si
683 3051 745 3116 hoe
767 3050 867 3116 verbo
889 3070 955 3114 non
978 3071 1068 3116 esses
1092 3073 1167 3118 usus

163 3136 356 3205 ‘libenter’‘?
387 3161 448 3205 nos
475 3138 625 3204 videlicet
648 3138 788 3205 invitum
811 3143 844 3203 te
868 3141 1040 3222 quaestum
1062 3138 1167 3205 faeere

161 3229 360 3309 putaremus.
404 3227 454 3293 Ao
481 3225 535 3292 ‘de
568 3227 694 3292 consilii
722 3225 913 3292 sententia'l
957 3225 1166 3294 Praeclarum

160 3312 291 3374 recitari
310 3315 494 3398 consilium,
515 3315 650 3399 iudices,
673 3315 823 3398 audistis;
846 3318 956 3381 utrum
974 3315 1070 3382 vobis
1094 3337 1166 3382 con·
1178 3329 1201 3372 ³⁵

162 3395 420 3472 siliumtandem
437 3403 598 3486 praetoris
616 3403 747 3469 recitari
765 3402 944 3485 videbatur,
966 3423 1041 3468 eum
1063 3405 1166 3470 audie·

161 3480 248 3544 batis
287 3484 432 3568 nomina,
471 3511 514 3554 an
548 3491 720 3574 praedonis
757 3490 992 3576 improbissimi
1027 3492 1166 3558 societas
