2392 3944
262 159 330 214 ala.
348 159 362 214 1
390 159 484 214 ¹car.
503 166 608 216 rs-ar
627 166 643 227 ς
663 164 809 226 ras-134.
976 161 1039 229 189

44 301 161 368 lunium
186 302 294 388 ipsum
322 299 486 370 mortuum
514 324 583 369 esso
615 303 753 388 sciebat3
785 306 882 372 scire
898 307 1040 392 volabat,

44 389 77 456 ad
104 411 201 475 quem
231 392 290 456 illa
320 413 372 458 ras
403 391 617 477 pertineret·
643 391 937 482 Auditpupillum
969 417 1041 460 cass

44 477 143 544 lilium
183 478 302 563 Homo,
325 480 381 564 qui
404 501 531 566 semper
553 481 601 546 ita
622 481 733 568 palam
757 481 954 567 dictitasset,
981 505 1041 569 pu-

44 567 130 650 pillos
153 571 186 632 et
208 569 351 652 pupillas
374 569 589 634 certissimam
612 569 767 654 praedam
790 590 860 635 esse
882 573 1039 656 praetori·

27 654 106 738 rbus,
137 658 287 740 optatum
313 657 482 742 negotium
509 657 573 721 sibi
599 657 634 722 in
661 659 769 723 sinum
795 659 941 724 delatum
970 679 1040 725 essa

45 743 167 808 dicebat
221 741 466 810 Monumentum
496 745 556 810 illa
587 745 813 830 amplitudine,
848 747 908 812 illo
944 767 1041 834 opere

45 831 180 914 quamvis
214 836 338 898 sartum
374 836 497 898 tectum
532 833 759 920 integrumque
796 839 894 920 esset,
930 839 1041 901 tamen

46 919 155 1004 aliquid
186 941 222 984 se
256 921 477 1005 inventurum,
513 921 548 986 in
583 942 647 1005 quo
684 923 793 988 moliri
828 925 1041 1009 praedarique

45 1012 151 1092 posset,
170 1008 401 1074 arbitrabatur.
432 1009 467 1073 L.
477 1007 629 1074 Habonio
651 1010 763 1075 aedom
777 1008 923 1076 Castoris
936 1013 1023 1078 tradi
1043 1031 1094 1080 132

20 1096 214 1180 oportebat.
254 1095 288 1161 Is
306 1117 383 1164 casu
405 1096 524 1182 pupilli
540 1097 614 1162 Iuni
636 1099 727 1163 tutor
749 1102 821 1164 erat
842 1101 1040 1165 testamento

45 1185 145 1267 patris.
194 1183 276 1250 Cum
306 1205 345 1250 co
375 1185 444 1250 sina
475 1185 544 1250 ullo
575 1185 815 1252 intertrimento
847 1191 1042 1252 convenerat

46 1272 101 1336 iam
125 1291 222 1357 quem
248 1273 290 1338 ad
317 1273 449 1340 modum
475 1273 666 1340 traderetur.
710 1273 779 1340 Iste
808 1274 849 1339 ad
876 1296 910 1340 se
933 1273 1041 1342 Habo-

46 1359 123 1425 nium
144 1365 253 1445 rooatr
276 1362 411 1446 quaerit,
434 1361 547 1446 ecquid
571 1362 623 1445 sit,
646 1361 732 1446 quod
755 1386 775 1428 a
796 1363 921 1448 pupillo
943 1363 1042 1430 tradi·

47 1451 105 1513 tam
129 1470 195 1515 non
223 1450 280 1534 sit,
306 1450 394 1534 quod
416 1451 503 1536 exigi
525 1447 650 1515 debeat.
695 1448 778 1516 Cum
799 1451 870 1535 ille,
898 1451 932 1516 id
955 1452 1042 1536 quod

22 1541 118 1619 cero,
144 1537 266 1603 diceret
291 1537 423 1604 facilem
446 1538 575 1630 pupillo
603 1537 813 1604 traditionem
835 1561 921 1625 esso,
946 1541 1042 1627 signa

48 1627 73 1687 ct
92 1625 173 1691 dona
189 1647 377 1711 comparere
395 1626 513 1710 omnia,
525 1626 642 1711 ,ipsum
660 1628 820 1718 templum
838 1629 927 1694 omni
944 1650 1042 1714 opere

49 1733 105 1778 esse
129 1715 307 1800 integrum,
335 1714 505 1800 indignum
531 1714 588 1780 isti
615 1714 718 1779 videri
744 1716 851 1800 coepit
878 1735 917 1780 cx
948 1720 1042 1782 tanta

50 1801 111 1866 aede
119 1806 277 1888 tantoque
290 1824 386 1887 opere
403 1824 438 1867 se
450 1823 517 1868 non
531 1802 675 1888 opimum
688 1803 817 1887 praeda,
830 1804 1024 1887 praesertim
1094 1851 1095 1856 η

50 1891 215 1976 apu'pillo,
241 1890 412 1957 discedere.
456 1888 556 1956 Venit
582 1889 710 1975 ipsein
732 1890 844 1955 aedem
867 1888 1094 1994 Castoris,133

23 1979 217 2044 ”considerat
229 1979 401 2063 templum,
416 1979 504 2070 ¹ridet
518 1979 658 2064 undique
671 1982 793 2044 tectum
807 1978 1024 2064 pulcherrime
1057 2027 1062 2042 .-

51 2065 230 2152 laqueatum,
252 2072 421 2152 praetcrea
443 2071 553 2133 cetera
572 2086 659 2132 nora
681 2071 779 2152 atque
797 2066 934 2154 integra.
963 2065 1042 2133 Ver·

51 2159 92 2218 sat
112 2177 160 2241 se,
188 2156 329 2242 quaerit,
359 2156 435 2242 quid
463 2159 550 2242 agat.
595 2153 684 2220 Dicit
707 2156 736 2221 oi
760 2155 891 2257 quidam
913 2176 952 2220 ex
974 2155 1042 2222 illis

50 2243 175 2327 canibus,
198 2263 280 2328 quos
301 2245 365 2309 iste
382 2243 497 2329 Liguri
519 2241 644 2308 dixerat
663 2264 732 2309 esse
751 2264 836 2309 circa
853 2265 888 2309 se
906 2245 1041 2311 multos:

51 2327 106 2414 ‘lu
126 2331 260 2416 Verres,
289 2333 342 2398 hic
364 2332 451 2416 quod
473 2332 622 2415 moliare,
644 2353 711 2397 non
733 2332 848 2416 habos,
870 2330 935 2397 nisi
956 2333 1042 2399 forte

23 2417 138 2485 arcad
151 2418 415 2507 perpendiculum
427 2421 593 2488 columnas
603 2419 751 2506 exigere?
778 2418 888 2486 Homo
897 2422 1042 2486 omnium
1065 2488 1074 2495 ,

53 2525 140 2573 rerum
161 2509 334 2594 imperitus
357 2508 493 2593 quaerit,
516 2508 594 2594 quid
617 2507 660 2572 sit
683 2506 736 2573 ‘ad
757 2508 1042 2595 perpendiculum'.

53 2590 153 2662 Dicunt
179 2597 212 2662 ei
237 2596 306 2662 fere
332 2597 457 2672 nullam
485 2616 555 2660 esse
578 2596 774 2680 columnam,
802 2618 884 2681 quae
907 2597 949 2662 ad
971 2619 1042 2682 per·

54 2684 239 2763 pendiculum
258 2705 328 2750 esse
350 2685 463 2770 possit.
499 2683 597 2750 ‘Nam
619 2683 823 2786 muliercule',
845 2685 960 2785 inquit,
984 2683 1043 2800 ‘sip

27 2789 216 2947 ”aHgalrnrlmrla
233 2771 1030 2947 uzlllmleagemadnosldleffffldlrlluillmlegedlgrlrlldlel
1044 2871 1095 2923 134

57 2966 97 3010 rus
121 2953 248 3016 tantum
275 2949 498 3015 columnarum
524 2948 679 3032 traditur,
709 2946 930 3033 perpendiculi
956 2967 1043 3012 men·

56 3033 90 3098 tio
115 3037 152 3103 fit
179 3039 284 3121 nulla,
315 3040 350 3102 at
382 3039 438 3122 qui
467 3057 534 3102 non
562 3040 693 3122 putaret
725 3036 788 3100 sibi
819 3034 969 3119 expedire
995 3035 1044 3102 ita

58 3125 772 3300 tlt?rt⁰c⁶⁰tarmtttddtt3
808 3127 906 3278 ⁰333?
933 3127 1044 3278 siti

30 3297 129 3366 snum
153 3265 320 3387 quiescere²
341 3303 432 3368 iubet
459 3305 492 3366 et
525 3302 621 3368 simul
654 3300 684 3366 ai
714 3320 781 3365 non
803 3301 928 3366 nullam
952 3321 1043 3386 spem

60 3389 200 3457 meientis
232 3390 386 3475 ostandit3
423 3390 588 3456 hominem
621 3388 803 3454 modestum
841 3393 874 3453 et
910 3389 1042 3455 minimo
1075 3434 1080 3442 -
1176 3433 1184 3464 ,

61 3479 231 3554 ltrlinacem
252 3480 349 3547 facile
372 3481 510 3562 cotrcet3
536 3478 703 3544 columnas
727 3475 775 3543 ita
797 3497 832 3543 se
855 3481 1043 3544 exacturum
