2392 3944
158 149 222 214 196
452 144 492 200 IN
510 144 542 201 0.
560 143 715 202 VERREM
733 143 812 200 ecl.
831 142 865 198 IL

155 297 222 377 tus,
254 291 311 357 sed
337 289 470 357 fortuna
496 288 663 374 popularis
690 287 874 371 videbatur,
904 308 1009 372 neque
1035 291 1069 358 te
1098 292 1163 356 tam

156 380 391 464 commovebat,
409 378 496 464 quod
512 378 570 444 ille
588 399 662 442 cum
678 380 761 462 toga
773 379 950 461 praetexta,
969 399 1068 460 quam
1082 377 1165 461 quod

156 471 226 536 sine
248 469 341 535 bulla
357 471 500 534 venerat
535 465 684 532 Vestitus
704 465 790 532 enim
806 464 970 533 neminem
989 487 1165 534 commove

155 559 215 624 bat
235 559 275 646 is,
297 579 394 648 quem
416 556 468 620 illi
489 577 561 621 mos
584 559 617 620 et
639 555 690 619 ius
713 553 927 640 ingenuitatis
946 553 1060 638 dabat3
1082 555 1165 638 quod

156 649 382 712 ornamentum
409 644 567 730 pucritiae
592 647 688 727 pater
715 642 861 726 dederat,
886 641 1044 710 indicium
1068 647 1187 727 atques

155 735 283 821 insigne
309 733 475 817 fortunae,
504 732 567 797 hoc
589 731 632 796 ab
654 731 720 796 isto
742 730 904 814 praedone
927 735 1077 814 ereptum
1100 752 1166 798 esee

104 836 154 889 153
174 822 319 909 graviter
347 825 421 886 tum
449 825 486 885 et
517 820 630 886 acerbe
662 819 811 884 homines
840 817 999 886 ferebant.
1055 815 1166 902 Neque

156 914 249 975 erant
276 910 353 974 illae
379 909 533 974 lacrimae
560 907 735 992 populares
762 907 868 992 magis
895 927 996 991 quam
1027 911 1166 990 nostrae,

155 1020 254 1083 quam
275 1002 362 1082 tuae,
385 997 422 1075 Q.
439 996 606 1079 Hortensi,
629 1017 728 1080 quam
745 995 873 1080 horum,
895 996 952 1079 qni
971 996 1165 1064 sententiam

155 1087 257 1153 laturi
280 1091 365 1172 aunt,
386 1087 459 1152 ideo
483 1085 568 1168 quod
591 1083 771 1150 communis
794 1087 846 1148 est
868 1103 975 1168 cansa,
998 1105 1187 1152 communen

155 1176 348 1261 periculum3
383 1173 546 1242 communi
575 1171 738 1256 praesidio
769 1171 847 1236 talis
862 1171 1059 1256 improbitas
1088 1177 1164 1240 tam·

156 1286 254 1348 quam
273 1264 404 1347 aliquod
421 1261 603 1328 incendium
624 1260 890 1346 restinguendum
908 1265 968 1328 est.
999 1259 1163 1328 Habemus

155 1353 242 1418 enim
264 1353 386 1416 liberor
407 1372 540 1436 parvos3
562 1349 721 1414 incertum
745 1353 805 1433 est,
828 1371 926 1434 quam
944 1349 1047 1436 longa
1064 1351 1164 1418 cnius-

155 1461 217 1523 que
240 1444 388 1503 nostrum
410 1437 480 1503 vita
500 1437 613 1503 futura
634 1438 692 1522 sit3
715 1438 882 1504 consulere
900 1438 969 1504 vivi
986 1461 1025 1504 ac
1042 1440 1164 1524 prospi-

154 1546 226 1592 cere
251 1527 420 1608 debemus,
446 1528 485 1590 ut
510 1526 645 1591 illorum
672 1526 814 1592 solitudo
841 1530 875 1592 et
903 1527 1048 1611 pueritia
1069 1545 1187 1612 quamn

154 1613 342 1680 firmissimo
364 1613 526 1700 praesidio
550 1616 677 1682 mnnita
698 1616 756 1680 sit:
796 1613 876 1691 Quis
905 1614 993 1682 emm
1021 1619 1085 1698 ast,
1112 1615 1162 1700 qui

154 1703 240 1770 tueri
266 1703 372 1786 possit
398 1702 538 1768 liberum
564 1708 753 1770 nostrorum
779 1703 954 1788 pueritiam
982 1707 1100 1770 contra
1122 1705 1161 1768 in·

153 1792 352 1877 probitatem
388 1791 664 1878 magistratuum?
717 1791 837 1876 Mater,
878 1791 983 1858 credo.
1039 1789 1161 1858 Scilicet

110 1921 112 1924 -
154 1903 274 1968 magno
302 1880 465 1966 praesidio
487 1880 551 1945 fuit
573 1879 700 1946 Anniae
726 1881 871 1964 pupillae
898 1884 1021 1964 mater,
1046 1879 1187 1946 feminal

151 1970 318 2054 primaria,
340 1970 447 2035 minus
469 1969 529 2034 illa
550 1969 626 2034 deos
649 1968 861 2053 hominesque
882 1969 1081 2054 implorante
1103 1969 1186 2056 ister

154 2058 273 2122 infanti
298 2057 444 2142 pupillae
469 2057 619 2122 fortunas
649 2056 774 2141 patrias
806 2056 937 2122 ademit.
987 2056 1186 2149 'llutoresnel

155 2144 347 2209 defendent?
383 2144 542 2246 Perfacile
559 2165 636 2245 vero
654 2145 741 2229 apud
757 2145 855 2209 istius
870 2144 958 2246 modi
971 2149 1161 2230 praetorem,

154 2253 265 2384 iraiii
282 2231 1102 2406 ellpvrtlllauptegpepippptsonpaecppppffipppllolpsslum
1132 2237 1160 2298 et
1184 2284 1185 2353 i

101 2390 143 2454 59
221 2407 413 2484 Quaerimus
443 2410 558 2494 etiam,
593 2409 671 2493 quid
701 2410 764 2474 iste
796 2411 831 2474 in
862 2410 980 2476 ultima
1011 2409 1184 2496 Pbrygiae

102 2467 232 2581 ¹⁵4quu
253 2496 288 2561 a
311 2497 699 2582 extremis·Pamphy1iae
726 2498 876 2583 pemeus
903 2497 1033 2583 famae,
1059 2493 1184 2583 qualisl

152 2585 188 2651 in
214 2585 301 2652 bello
328 2586 527 2670 praedonum
555 2585 676 2671 praedo
703 2587 773 2671 ipse
798 2585 912 2671 fuerit,
945 2587 1001 2672 qui
1027 2587 1063 2654 in
1092 2587 1159 2652 foro

152 2674 267 2775 populi
284 2674 424 2739 Romani
442 2674 550 2758 pirata
567 2673 711 2739 nefarius
729 2675 932 2759 reperiatur?
968 2675 1158 2756 dubitamus,
1182 2697 1183 2761 l

154 2762 232 2846 quid
253 2763 316 2828 iste
334 2762 370 2826 in
386 2762 532 2828 hostium
550 2763 672 2848 praeda
689 2763 823 2828 molitus
843 2763 895 2849 ait,
919 2765 975 2849 qui
994 2764 1157 2831 manubias

154 2851 217 2914 sibi
238 2854 349 2916 tantas
373 2871 411 2916 ex
433 2849 469 2920 L.
493 2849 619 2915 Metelli
641 2851 803 2917 manubiis
821 2851 945 2936 fecerit,
968 2853 1025 2937 qni
1043 2853 1182 2932 maiorer

152 2939 289 3022 pecunia
329 2942 486 3023 quattuor
526 2939 693 3005 columnas
735 2940 931 3006 dealbandas
974 2962 1073 3025 quam
1106 2938 1182 3004 illc*

153 3027 259 3089 omnis
280 3026 493 3093 aedificandas
516 3027 695 3093 locaverit?
719 3032 933 3114 expectemus,
956 3030 1033 3114 quid
1056 3030 1155 3095 dicant

153 3133 192 3176 cx
204 3109 315 3178 Sicilia
323 3116 449 3181 testes?
476 3115 555 3190 Quis
569 3136 725 3200 umquam
737 3118 897 3203 templum
909 3118 994 3184 illud
1007 3117 1154 3202 adspexit,
1180 3127 1181 3166 l

153 3199 232 3284 quin
250 3201 407 3268 avaritiae
425 3208 511 3287 tuae,
534 3203 612 3288 quin
629 3201 777 3289 iniuriae,
800 3206 878 3290 quin
896 3206 1050 3273 audaciae
1069 3204 1153 3272 testis
1179 3289 1180 3292 Ἴ

152 3288 260 3384 esset?
288 3289 360 3370 quis
389 3312 409 3354 a
435 3292 530 3377 signo
558 3290 734 3358 Vortumni
765 3294 800 3358 in
833 3295 953 3362 circum
985 3295 1180 3371 maximumt

151 3375 254 3452 vemt,
290 3375 368 3454 quin
403 3377 431 3440 ia
468 3399 533 3443 uno
568 3400 696 3464 quoquc
728 3382 832 3468 gradu
863 3384 903 3448 de
934 3384 1075 3450 avaritia
1103 3387 1151 3446 tun

152 3463 430 3526 commoneretur?
449 3485 548 3547 quam
561 3470 598 3531 tu
614 3468 702 3534 viam
719 3472 887 3537 tensarum
906 3475 1005 3556 atque
1023 3488 1151 3557 pompae
1178 3549 1179 3558 ἵ
