<?xml version="1.0" encoding="UTF-8"?>
<!DOCTYPE html PUBLIC "-//W3C//DTD XHTML 1.0 Transitional//EN"
    "http://www.w3.org/TR/xhtml1/DTD/xhtml1-transitional.dtd">
<html xmlns="http://www.w3.org/1999/xhtml" xml:lang="en" lang="en">
 <head>
  <title>
</title>
<meta http-equiv="Content-Type" content="text/html;charset=utf-8" />
  <meta name='ocr-system' content='tesseract 3.04.00' />
  <meta name='ocr-capabilities' content='ocr_page ocr_carea ocr_par ocr_line ocrx_word'/>
</head>
<body>
  <div class='ocr_page' id='page_1' title='image "./mtulliiciceroni02mlgoog/mtulliiciceroni02mlgoog_0405.png"; bbox 0 0 2402 3936; ppageno 0'>
   <div class='ocr_carea' id='block_1_1' title="bbox 164 148 871 221">
    <p class='ocr_par' dir='ltr' id='par_1_1' title="bbox 164 148 871 221">
     <span class='ocr_line' id='line_1_1' title="bbox 164 148 871 221; baseline -0.003 -13"><span class='ocrx_word' id='word_1_1' title='bbox 164 157 228 221; x_wconf 83' lang='lat'><strong>288</strong></span> <span class='ocrx_word' id='word_1_2' title='bbox 461 151 502 207; x_wconf 81' lang='lat' dir='ltr'><strong>IN</strong></span> <span class='ocrx_word' id='word_1_3' title='bbox 521 151 551 209; x_wconf 82' lang='lat'><strong>0.</strong></span> <span class='ocrx_word' id='word_1_4' title='bbox 564 149 719 206; x_wconf 75' lang='lat' dir='ltr'><strong>VERREM</strong></span> <span class='ocrx_word' id='word_1_5' title='bbox 736 148 819 206; x_wconf 77' lang='lat' dir='ltr'><strong>AOT.</strong></span> <span class='ocrx_word' id='word_1_6' title='bbox 837 149 871 206; x_wconf 89' lang='lat'><strong>11.</strong></span> 
     </span>
    </p>
   </div>
   <div class='ocr_carea' id='block_1_2' title="bbox 115 291 1189 3544">
    <p class='ocr_par' dir='ltr' id='par_1_2' title="bbox 115 291 1189 3082">
     <span class='ocr_line' id='line_1_2' title="bbox 164 291 1161 378; baseline -0.01 -13"><span class='ocrx_word' id='word_1_7' title='bbox 164 299 245 365; x_wconf 90' lang='lat' dir='ltr'><strong>mihi</strong></span> <span class='ocrx_word' id='word_1_8' title='bbox 265 297 393 364; x_wconf 88' lang='lat' dir='ltr'><strong>adfecta</strong></span> <span class='ocrx_word' id='word_1_9' title='bbox 413 294 485 362; x_wconf 83' lang='lat' dir='ltr'><strong>visa</strong></span> <span class='ocrx_word' id='word_1_10' title='bbox 507 298 566 378; x_wconf 89' lang='lat' dir='ltr'><strong>est,</strong></span> <span class='ocrx_word' id='word_1_11' title='bbox 588 298 627 359; x_wconf 90' lang='lat' dir='ltr'><strong>ut</strong></span> <span class='ocrx_word' id='word_1_12' title='bbox 649 315 707 358; x_wconf 90' lang='lat' dir='ltr'><strong>eae</strong></span> <span class='ocrx_word' id='word_1_13' title='bbox 728 296 836 358; x_wconf 88' lang='lat' dir='ltr'><strong>terrae</strong></span> <span class='ocrx_word' id='word_1_14' title='bbox 858 293 976 376; x_wconf 84' lang='lat' dir='ltr'><strong>solent,</strong></span> <span class='ocrx_word' id='word_1_15' title='bbox 997 291 1031 356; x_wconf 91' lang='lat' dir='ltr'><strong>in</strong></span> <span class='ocrx_word' id='word_1_16' title='bbox 1052 291 1161 376; x_wconf 90' lang='lat' dir='ltr'><strong>quibus</strong></span> 
     </span>
     <span class='ocr_line' id='line_1_3' title="bbox 163 377 1163 465; baseline -0.011 -11"><span class='ocrx_word' id='word_1_17' title='bbox 163 388 288 454; x_wconf 90' lang='lat' dir='ltr'><strong>bellum</strong></span> <span class='ocrx_word' id='word_1_18' title='bbox 320 384 472 451; x_wconf 87' lang='lat' dir='ltr'><strong>acerbum</strong></span> <span class='ocrx_word' id='word_1_19' title='bbox 504 382 754 465; x_wconf 87' lang='lat' dir='ltr'><strong>diuturnumque</strong></span> <span class='ocrx_word' id='word_1_20' title='bbox 781 384 949 446; x_wconf 84' lang='lat' dir='ltr'><strong>versatum</strong></span> <span class='ocrx_word' id='word_1_21' title='bbox 977 383 1034 444; x_wconf 86' lang='lat' dir='ltr'><strong>est</strong></span> <span class='ocrx_word' id='word_1_22' title='bbox 1083 377 1163 453; x_wconf 85' lang='lat' dir='ltr'><strong>Quos</strong></span> 
     </span>
     <span class='ocr_line' id='line_1_4' title="bbox 165 467 1163 562; baseline -0.011 -19"><span class='ocrx_word' id='word_1_23' title='bbox 165 497 227 562; x_wconf 80' lang='lat' dir='ltr'><strong>ego</strong></span> <span class='ocrx_word' id='word_1_24' title='bbox 245 494 378 558; x_wconf 88' lang='lat' dir='ltr'><strong>campos</strong></span> <span class='ocrx_word' id='word_1_25' title='bbox 402 475 498 537; x_wconf 85' lang='lat' dir='ltr'><strong>antea</strong></span> <span class='ocrx_word' id='word_1_26' title='bbox 521 470 685 554; x_wconf 88' lang='lat' dir='ltr'><strong>collesque</strong></span> <span class='ocrx_word' id='word_1_27' title='bbox 707 468 923 534; x_wconf 78' lang='lat' dir='ltr'><strong>nitidissimos</strong></span> <span class='ocrx_word' id='word_1_28' title='bbox 945 467 1163 533; x_wconf 83' lang='lat' dir='ltr'><strong>viridissimos-</strong></span> 
     </span>
     <span class='ocr_line' id='line_1_5' title="bbox 165 554 1164 649; baseline -0.01 -20"><span class='ocrx_word' id='word_1_29' title='bbox 165 562 398 649; x_wconf 67' lang='lat' dir='ltr'><strong>(providissem,</strong></span> <span class='ocrx_word' id='word_1_30' title='bbox 411 560 473 624; x_wconf 88' lang='lat' dir='ltr'><strong>hos</strong></span> <span class='ocrx_word' id='word_1_31' title='bbox 482 557 531 623; x_wconf 87' lang='lat' dir='ltr'><strong>ita</strong></span> <span class='ocrx_word' id='word_1_32' title='bbox 543 561 691 623; x_wconf 84' lang='lat' dir='ltr'><strong>vastatos</strong></span> <span class='ocrx_word' id='word_1_33' title='bbox 704 579 790 622; x_wconf 89' lang='lat' dir='ltr'><strong>nunc</strong></span> <span class='ocrx_word' id='word_1_34' title='bbox 803 578 843 622; x_wconf 85' lang='lat' dir='ltr'><strong>ec</strong></span> <span class='ocrx_word' id='word_1_35' title='bbox 856 556 1002 621; x_wconf 85' lang='lat' dir='ltr'><strong>desertos</strong></span> <span class='ocrx_word' id='word_1_36' title='bbox 1015 554 1164 636; x_wconf 78' lang='lat' dir='ltr'><strong>videbam,</strong></span> 
     </span>
     <span class='ocr_line' id='line_1_6' title="bbox 165 643 1184 736; baseline -0.014 -18"><span class='ocrx_word' id='word_1_37' title='bbox 165 657 204 717; x_wconf 89' lang='lat' dir='ltr'><strong>ut</strong></span> <span class='ocrx_word' id='word_1_38' title='bbox 231 671 310 736; x_wconf 78' lang='lat' dir='ltr'><strong>ager</strong></span> <span class='ocrx_word' id='word_1_39' title='bbox 331 649 401 733; x_wconf 92' lang='lat' dir='ltr'><strong>ipse</strong></span> <span class='ocrx_word' id='word_1_40' title='bbox 423 647 582 712; x_wconf 88' lang='lat' dir='ltr'><strong>cultorem</strong></span> <span class='ocrx_word' id='word_1_41' title='bbox 605 645 788 710; x_wconf 75' lang='lat' dir='ltr'><strong>desiderare</strong></span> <span class='ocrx_word' id='word_1_42' title='bbox 811 667 850 710; x_wconf 89' lang='lat' dir='ltr'><strong>ac</strong></span> <span class='ocrx_word' id='word_1_43' title='bbox 871 644 985 729; x_wconf 79' lang='lat' dir='ltr'><strong>lugere</strong></span> <span class='ocrx_word' id='word_1_44' title='bbox 1009 643 1184 709; x_wconf 76' lang='lat' dir='ltr'><strong>dominuns</strong></span> 
     </span>
     <span class='ocr_line' id='line_1_7' title="bbox 166 731 1166 819; baseline -0.009 -15"><span class='ocrx_word' id='word_1_45' title='bbox 166 738 337 804; x_wconf 83' lang='lat' dir='ltr'><strong>videretur.</strong></span> <span class='ocrx_word' id='word_1_46' title='bbox 385 733 593 800; x_wconf 88' lang='lat' dir='ltr'><strong>Herbitensis</strong></span> <span class='ocrx_word' id='word_1_47' title='bbox 625 753 704 819; x_wconf 85' lang='lat' dir='ltr'><strong>ager</strong></span> <span class='ocrx_word' id='word_1_48' title='bbox 732 737 767 798; x_wconf 89' lang='lat' dir='ltr'><strong>et</strong></span> <span class='ocrx_word' id='word_1_49' title='bbox 794 731 993 815; x_wconf 81' lang='lat' dir='ltr'><strong>Hennensis,</strong></span> <span class='ocrx_word' id='word_1_50' title='bbox 1023 731 1166 817; x_wconf 79' lang='lat' dir='ltr'><strong>Murgen-</strong></span> 
     </span>
     <span class='ocr_line' id='line_1_8' title="bbox 166 819 1165 909; baseline -0.007 -18"><span class='ocrx_word' id='word_1_51' title='bbox 166 828 264 909; x_wconf 90' lang='lat' dir='ltr'><strong>tinus,</strong></span> <span class='ocrx_word' id='word_1_52' title='bbox 277 822 464 906; x_wconf 89' lang='lat' dir='ltr'><strong>Assorinus,</strong></span> <span class='ocrx_word' id='word_1_53' title='bbox 481 821 727 904; x_wconf 84' lang='lat' dir='ltr'><strong>Imacharensis,</strong></span> <span class='ocrx_word' id='word_1_54' title='bbox 740 819 958 908; x_wconf 72' lang='lat' dir='ltr'><strong>Agyrinensis</strong></span> <span class='ocrx_word' id='word_1_55' title='bbox 976 820 1027 885; x_wconf 87' lang='lat' dir='ltr'><strong>ita</strong></span> <span class='ocrx_word' id='word_1_56' title='bbox 1042 819 1165 885; x_wconf 87' lang='lat' dir='ltr'><strong>relictus</strong></span> 
     </span>
     <span class='ocr_line' id='line_1_9' title="bbox 167 905 1166 995; baseline -0.008 -17"><span class='ocrx_word' id='word_1_57' title='bbox 167 917 237 978; x_wconf 89' lang='lat' dir='ltr'><strong>erat</strong></span> <span class='ocrx_word' id='word_1_58' title='bbox 265 933 304 978; x_wconf 89' lang='lat' dir='ltr'><strong>ex</strong></span> <span class='ocrx_word' id='word_1_59' title='bbox 330 910 474 977; x_wconf 84' lang='lat' dir='ltr'><strong>maxima</strong></span> <span class='ocrx_word' id='word_1_60' title='bbox 500 907 607 995; x_wconf 78' lang='lat' dir='ltr'><strong>perte,</strong></span> <span class='ocrx_word' id='word_1_61' title='bbox 636 913 766 976; x_wconf 91' lang='lat' dir='ltr'><strong>utnon</strong></span> <span class='ocrx_word' id='word_1_62' title='bbox 793 910 900 974; x_wconf 87' lang='lat' dir='ltr'><strong>solum</strong></span> <span class='ocrx_word' id='word_1_63' title='bbox 926 909 1095 995; x_wconf 80' lang='lat' dir='ltr'><strong>iugorum,</strong></span> <span class='ocrx_word' id='word_1_64' title='bbox 1119 905 1166 971; x_wconf 88' lang='lat' dir='ltr'><strong>sod</strong></span> 
     </span>
     <span class='ocr_line' id='line_1_10' title="bbox 167 995 1165 1081; baseline -0.005 -15"><span class='ocrx_word' id='word_1_65' title='bbox 167 1001 267 1067; x_wconf 88' lang='lat' dir='ltr'><strong>etiam</strong></span> <span class='ocrx_word' id='word_1_66' title='bbox 277 999 481 1066; x_wconf 88' lang='lat' dir='ltr'><strong>dominorum</strong></span> <span class='ocrx_word' id='word_1_67' title='bbox 493 997 735 1063; x_wconf 70' lang='lat' dir='ltr'><strong>multitudinem</strong></span> <span class='ocrx_word' id='word_1_68' title='bbox 749 1017 988 1081; x_wconf 76' lang='lat' dir='ltr'><strong>quaereremus,</strong></span> <span class='ocrx_word' id='word_1_69' title='bbox 1001 995 1165 1062; x_wconf 80' lang='lat' dir='ltr'><strong>Aetnensis</strong></span> 
     </span>
     <span class='ocr_line' id='line_1_11' title="bbox 166 1085 1189 1175; baseline -0.007 -21"><span class='ocrx_word' id='word_1_70' title='bbox 166 1111 243 1156; x_wconf 84' lang='lat' dir='ltr'><strong>vero</strong></span> <span class='ocrx_word' id='word_1_71' title='bbox 263 1109 351 1175; x_wconf 81' lang='lat' dir='ltr'><strong>ager,</strong></span> <span class='ocrx_word' id='word_1_72' title='bbox 370 1087 425 1172; x_wconf 90' lang='lat' dir='ltr'><strong>qui</strong></span> <span class='ocrx_word' id='word_1_73' title='bbox 443 1086 572 1153; x_wconf 82' lang='lat' dir='ltr'><strong>solebat</strong></span> <span class='ocrx_word' id='word_1_74' title='bbox 590 1106 660 1150; x_wconf 84' lang='lat' dir='ltr'><strong>esse</strong></span> <span class='ocrx_word' id='word_1_75' title='bbox 679 1085 889 1169; x_wconf 86' lang='lat' dir='ltr'><strong>cultissimus,</strong></span> <span class='ocrx_word' id='word_1_76' title='bbox 906 1089 951 1169; x_wconf 85' lang='lat' dir='ltr'><strong>et,</strong></span> <span class='ocrx_word' id='word_1_77' title='bbox 973 1085 1063 1169; x_wconf 90' lang='lat' dir='ltr'><strong>quod</strong></span> <span class='ocrx_word' id='word_1_78' title='bbox 1080 1087 1189 1167; x_wconf 78' lang='lat' dir='ltr'><strong>ouputs</strong></span> 
     </span>
     <span class='ocr_line' id='line_1_12' title="bbox 167 1173 1166 1258; baseline -0.006 -15"><span class='ocrx_word' id='word_1_79' title='bbox 167 1182 219 1244; x_wconf 90' lang='lat' dir='ltr'><strong>est</strong></span> <span class='ocrx_word' id='word_1_80' title='bbox 245 1179 292 1242; x_wconf 87' lang='lat' dir='ltr'><strong>rei</strong></span> <span class='ocrx_word' id='word_1_81' title='bbox 316 1173 562 1257; x_wconf 73' lang='lat' dir='ltr'><strong>frumentariae,</strong></span> <span class='ocrx_word' id='word_1_82' title='bbox 588 1195 721 1258; x_wconf 85' lang='lat' dir='ltr'><strong>campus</strong></span> <span class='ocrx_word' id='word_1_83' title='bbox 744 1173 937 1256; x_wconf 78' lang='lat' dir='ltr'><strong>Leontinus,</strong></span> <span class='ocrx_word' id='word_1_84' title='bbox 966 1173 1060 1238; x_wconf 91' lang='lat' dir='ltr'><strong>cuius</strong></span> <span class='ocrx_word' id='word_1_85' title='bbox 1082 1176 1166 1238; x_wconf 62' lang='lat' dir='ltr'><strong>anus</strong></span> 
     </span>
     <span class='ocr_line' id='line_1_13' title="bbox 141 1261 1166 1350; baseline -0.005 -20"><span class='ocrx_word' id='word_1_86' title='bbox 141 1317 143 1320; x_wconf 85' lang='lat'>.</span> <span class='ocrx_word' id='word_1_87' title='bbox 168 1264 290 1350; x_wconf 81' lang='lat' dir='ltr'><strong>species</strong></span> <span class='ocrx_word' id='word_1_88' title='bbox 314 1264 395 1329; x_wconf 89' lang='lat' dir='ltr'><strong>haec</strong></span> <span class='ocrx_word' id='word_1_89' title='bbox 415 1265 501 1345; x_wconf 90' lang='lat' dir='ltr'><strong>erat,</strong></span> <span class='ocrx_word' id='word_1_90' title='bbox 523 1264 573 1346; x_wconf 87' lang='lat' dir='ltr'><strong>ut,</strong></span> <span class='ocrx_word' id='word_1_91' title='bbox 595 1283 668 1327; x_wconf 89' lang='lat' dir='ltr'><strong>cum</strong></span> <span class='ocrx_word' id='word_1_92' title='bbox 692 1261 836 1327; x_wconf 86' lang='lat' dir='ltr'><strong>obsitum</strong></span> <span class='ocrx_word' id='word_1_93' title='bbox 859 1261 1007 1345; x_wconf 81' lang='lat' dir='ltr'><strong>vidisses,</strong></span> <span class='ocrx_word' id='word_1_94' title='bbox 1032 1279 1166 1326; x_wconf 80' lang='lat' dir='ltr'><strong>annonae</strong></span> 
     </span>
     <span class='ocr_line' id='line_1_14' title="bbox 168 1347 1166 1434; baseline -0.009 -15"><span class='ocrx_word' id='word_1_95' title='bbox 168 1353 338 1419; x_wconf 83' lang='lat' dir='ltr'><strong>caritatem</strong></span> <span class='ocrx_word' id='word_1_96' title='bbox 365 1373 432 1417; x_wconf 88' lang='lat' dir='ltr'><strong>non</strong></span> <span class='ocrx_word' id='word_1_97' title='bbox 453 1371 614 1434; x_wconf 82' lang='lat' dir='ltr'><strong>vererere,</strong></span> <span class='ocrx_word' id='word_1_98' title='bbox 642 1349 688 1414; x_wconf 90' lang='lat' dir='ltr'><strong>sic</strong></span> <span class='ocrx_word' id='word_1_99' title='bbox 711 1352 782 1415; x_wconf 88' lang='lat' dir='ltr'><strong>erat</strong></span> <span class='ocrx_word' id='word_1_100' title='bbox 804 1347 959 1415; x_wconf 86' lang='lat' dir='ltr'><strong>deformis</strong></span> <span class='ocrx_word' id='word_1_101' title='bbox 983 1353 1085 1433; x_wconf 87' lang='lat' dir='ltr'><strong>atque</strong></span> <span class='ocrx_word' id='word_1_102' title='bbox 1105 1349 1166 1412; x_wconf 89' lang='lat' dir='ltr'><strong>hor·</strong></span> 
     </span>
     <span class='ocr_line' id='line_1_15' title="bbox 167 1433 1165 1522; baseline -0.005 -18"><span class='ocrx_word' id='word_1_103' title='bbox 167 1440 271 1522; x_wconf 79' lang='lat' dir='ltr'><strong>uidua,</strong></span> <span class='ocrx_word' id='word_1_104' title='bbox 297 1443 335 1504; x_wconf 88' lang='lat' dir='ltr'><strong>ut</strong></span> <span class='ocrx_word' id='word_1_105' title='bbox 361 1439 396 1502; x_wconf 93' lang='lat' dir='ltr'><strong>in</strong></span> <span class='ocrx_word' id='word_1_106' title='bbox 420 1437 585 1504; x_wconf 87' lang='lat' dir='ltr'><strong>uberrima</strong></span> <span class='ocrx_word' id='word_1_107' title='bbox 607 1435 736 1503; x_wconf 74' lang='lat' dir='ltr'><strong>Siciliae</strong></span> <span class='ocrx_word' id='word_1_108' title='bbox 758 1441 852 1522; x_wconf 84' lang='lat' dir='ltr'><strong>parte</strong></span> <span class='ocrx_word' id='word_1_109' title='bbox 874 1433 1024 1502; x_wconf 83' lang='lat' dir='ltr'><strong>Siciliam</strong></span> <span class='ocrx_word' id='word_1_110' title='bbox 1047 1457 1165 1522; x_wconf 80' lang='lat' dir='ltr'><strong>quaere</strong></span> 
     </span>
     <span class='ocr_line' id='line_1_16' title="bbox 168 1524 1189 1609; baseline -0.002 -18"><span class='ocrx_word' id='word_1_111' title='bbox 168 1548 289 1609; x_wconf 89' lang='lat' dir='ltr'><strong>remus;</strong></span> <span class='ocrx_word' id='word_1_112' title='bbox 323 1525 539 1591; x_wconf 86' lang='lat' dir='ltr'><strong>labefactarat</strong></span> <span class='ocrx_word' id='word_1_113' title='bbox 573 1525 659 1590; x_wconf 87' lang='lat' dir='ltr'><strong>enim</strong></span> <span class='ocrx_word' id='word_1_114' title='bbox 691 1524 901 1591; x_wconf 72' lang='lat' dir='ltr'><strong>uehementer</strong></span> <span class='ocrx_word' id='word_1_115' title='bbox 931 1529 1082 1590; x_wconf 74' lang='lat' dir='ltr'><strong>meteres</strong></span> <span class='ocrx_word' id='word_1_116' title='bbox 1111 1525 1189 1588; x_wconf 74' lang='lat' dir='ltr'><strong>uns</strong></span> 
     </span>
     <span class='ocr_line' id='line_1_17' title="bbox 115 1586 1166 1714; baseline -0.005 -35"><span class='ocrx_word' id='word_1_117' title='bbox 115 1586 158 1714; x_wconf 47' lang='grc' dir='ltr'><strong>ἐξ)</strong></span> <span class='ocrx_word' id='word_1_118' title='bbox 169 1614 316 1697; x_wconf 88' lang='lat' dir='ltr'><strong>superior</strong></span> <span class='ocrx_word' id='word_1_119' title='bbox 334 1634 447 1697; x_wconf 85' lang='lat' dir='ltr'><strong>annus,</strong></span> <span class='ocrx_word' id='word_1_120' title='bbox 469 1613 636 1697; x_wconf 88' lang='lat' dir='ltr'><strong>proximus</strong></span> <span class='ocrx_word' id='word_1_121' title='bbox 654 1634 731 1678; x_wconf 84' lang='lat' dir='ltr'><strong>varo</strong></span> <span class='ocrx_word' id='word_1_122' title='bbox 749 1612 895 1678; x_wconf 85' lang='lat' dir='ltr'><strong>funditus</strong></span> <span class='ocrx_word' id='word_1_123' title='bbox 918 1617 1093 1678; x_wconf 85' lang='lat' dir='ltr'><strong>everterat.</strong></span> <span class='ocrx_word' id='word_1_124' title='bbox 1126 1609 1166 1674; x_wconf 80' lang='lat' dir='ltr'><strong>&#39;lli</strong></span> 
     </span>
     <span class='ocr_line' id='line_1_18' title="bbox 168 1699 1166 1780; baseline -0.008 -10"><span class='ocrx_word' id='word_1_125' title='bbox 168 1702 250 1780; x_wconf 83' lang='lat' dir='ltr'><strong>mihi</strong></span> <span class='ocrx_word' id='word_1_126' title='bbox 278 1701 377 1767; x_wconf 90' lang='lat' dir='ltr'><strong>etiam</strong></span> <span class='ocrx_word' id='word_1_127' title='bbox 405 1700 503 1766; x_wconf 87' lang='lat' dir='ltr'><strong>audes</strong></span> <span class='ocrx_word' id='word_1_128' title='bbox 528 1701 725 1766; x_wconf 87' lang='lat' dir='ltr'><strong>mentionem</strong></span> <span class='ocrx_word' id='word_1_129' title='bbox 747 1700 854 1766; x_wconf 81' lang='lat' dir='ltr'><strong>facere</strong></span> <span class='ocrx_word' id='word_1_130' title='bbox 877 1699 1110 1766; x_wconf 80' lang='lat' dir='ltr'><strong>decumarum?</strong></span> <span class='ocrx_word' id='word_1_131' title='bbox 1137 1703 1166 1762; x_wconf 89' lang='lat' dir='ltr'><strong>tu</strong></span> 
     </span>
     <span class='ocr_line' id='line_1_19' title="bbox 168 1789 1164 1873; baseline -0.005 -17"><span class='ocrx_word' id='word_1_132' title='bbox 168 1791 203 1855; x_wconf 91' lang='lat' dir='ltr'><strong>in</strong></span> <span class='ocrx_word' id='word_1_133' title='bbox 230 1794 324 1856; x_wconf 87' lang='lat' dir='ltr'><strong>tanta</strong></span> <span class='ocrx_word' id='word_1_134' title='bbox 350 1789 576 1873; x_wconf 76' lang='lat' dir='ltr'><strong>improbitate,</strong></span> <span class='ocrx_word' id='word_1_135' title='bbox 607 1789 642 1852; x_wconf 93' lang='lat' dir='ltr'><strong>in</strong></span> <span class='ocrx_word' id='word_1_136' title='bbox 668 1792 763 1854; x_wconf 88' lang='lat' dir='ltr'><strong>tanta</strong></span> <span class='ocrx_word' id='word_1_137' title='bbox 785 1789 979 1873; x_wconf 83' lang='lat' dir='ltr'><strong>acerbitate,</strong></span> <span class='ocrx_word' id='word_1_138' title='bbox 1009 1789 1046 1854; x_wconf 91' lang='lat' dir='ltr'><strong>in</strong></span> <span class='ocrx_word' id='word_1_139' title='bbox 1067 1792 1117 1854; x_wconf 86' lang='lat' dir='ltr'><strong>tot</strong></span> <span class='ocrx_word' id='word_1_140' title='bbox 1135 1807 1164 1851; x_wconf 87' lang='lat' dir='ltr'><strong>ac</strong></span> 
     </span>
     <span class='ocr_line' id='line_1_20' title="bbox 168 1877 1165 1960; baseline -0.007 -15"><span class='ocrx_word' id='word_1_141' title='bbox 168 1879 270 1945; x_wconf 85' lang='lat' dir='ltr'><strong>tantis</strong></span> <span class='ocrx_word' id='word_1_142' title='bbox 289 1877 425 1960; x_wconf 84' lang='lat' dir='ltr'><strong>iniuriis,</strong></span> <span class='ocrx_word' id='word_1_143' title='bbox 447 1899 520 1942; x_wconf 89' lang='lat' dir='ltr'><strong>cum</strong></span> <span class='ocrx_word' id='word_1_144' title='bbox 538 1877 573 1941; x_wconf 91' lang='lat' dir='ltr'><strong>in</strong></span> <span class='ocrx_word' id='word_1_145' title='bbox 595 1877 797 1943; x_wconf 87' lang='lat' dir='ltr'><strong>arationibus</strong></span> <span class='ocrx_word' id='word_1_146' title='bbox 820 1880 854 1940; x_wconf 90' lang='lat' dir='ltr'><strong>et</strong></span> <span class='ocrx_word' id='word_1_147' title='bbox 875 1877 911 1941; x_wconf 93' lang='lat' dir='ltr'><strong>in</strong></span> <span class='ocrx_word' id='word_1_148' title='bbox 932 1898 1047 1942; x_wconf 79' lang='lat' dir='ltr'><strong>eanum</strong></span> <span class='ocrx_word' id='word_1_149' title='bbox 1069 1895 1165 1942; x_wconf 87' lang='lat' dir='ltr'><strong>rerum</strong></span> 
     </span>
     <span class='ocr_line' id='line_1_21' title="bbox 168 1963 1188 2051; baseline -0.005 -20"><span class='ocrx_word' id='word_1_150' title='bbox 168 1967 238 2032; x_wconf 88' lang='lat' dir='ltr'><strong>iure</strong></span> <span class='ocrx_word' id='word_1_151' title='bbox 265 1966 432 2051; x_wconf 82' lang='lat' dir='ltr'><strong>provincia</strong></span> <span class='ocrx_word' id='word_1_152' title='bbox 455 1963 566 2030; x_wconf 83' lang='lat' dir='ltr'><strong>Sicilia</strong></span> <span class='ocrx_word' id='word_1_153' title='bbox 592 1964 764 2047; x_wconf 84' lang='lat' dir='ltr'><strong>consistat,</strong></span> <span class='ocrx_word' id='word_1_154' title='bbox 791 1965 913 2030; x_wconf 85' lang='lat' dir='ltr'><strong>eversis</strong></span> <span class='ocrx_word' id='word_1_155' title='bbox 935 1964 1085 2029; x_wconf 82' lang='lat' dir='ltr'><strong>funditus</strong></span> <span class='ocrx_word' id='word_1_156' title='bbox 1107 1973 1188 2028; x_wconf 71' lang='lat' dir='ltr'><strong>ara-¹</strong></span> 
     </span>
     <span class='ocr_line' id='line_1_22' title="bbox 167 2051 1164 2138; baseline -0.006 -20"><span class='ocrx_word' id='word_1_157' title='bbox 167 2054 304 2136; x_wconf 87' lang='lat' dir='ltr'><strong>toribus,</strong></span> <span class='ocrx_word' id='word_1_158' title='bbox 328 2051 450 2117; x_wconf 86' lang='lat' dir='ltr'><strong>relictis</strong></span> <span class='ocrx_word' id='word_1_159' title='bbox 470 2052 568 2137; x_wconf 76' lang='lat' dir='ltr'><strong>agris,</strong></span> <span class='ocrx_word' id='word_1_160' title='bbox 591 2075 664 2118; x_wconf 89' lang='lat' dir='ltr'><strong>cum</strong></span> <span class='ocrx_word' id='word_1_161' title='bbox 682 2053 718 2118; x_wconf 94' lang='lat' dir='ltr'><strong>in</strong></span> <span class='ocrx_word' id='word_1_162' title='bbox 734 2051 901 2138; x_wconf 72' lang='lat' dir='ltr'><strong>prouincia</strong></span> <span class='ocrx_word' id='word_1_163' title='bbox 920 2055 992 2117; x_wconf 90' lang='lat' dir='ltr'><strong>tam</strong></span> <span class='ocrx_word' id='word_1_164' title='bbox 1015 2053 1164 2138; x_wconf 80' lang='lat' dir='ltr'><strong>locuplete</strong></span> 
     </span>
     <span class='ocr_line' id='line_1_23' title="bbox 168 2139 1165 2225; baseline -0.003 -21"><span class='ocrx_word' id='word_1_165' title='bbox 168 2161 206 2204; x_wconf 91' lang='lat' dir='ltr'><strong>ac</strong></span> <span class='ocrx_word' id='word_1_166' title='bbox 223 2139 345 2203; x_wconf 80' lang='lat' dir='ltr'><strong>referta</strong></span> <span class='ocrx_word' id='word_1_167' title='bbox 361 2159 428 2203; x_wconf 90' lang='lat' dir='ltr'><strong>non</strong></span> <span class='ocrx_word' id='word_1_168' title='bbox 446 2139 542 2203; x_wconf 90' lang='lat' dir='ltr'><strong>modo</strong></span> <span class='ocrx_word' id='word_1_169' title='bbox 564 2160 643 2222; x_wconf 89' lang='lat' dir='ltr'><strong>rem,</strong></span> <span class='ocrx_word' id='word_1_170' title='bbox 666 2140 724 2204; x_wconf 86' lang='lat' dir='ltr'><strong>sed</strong></span> <span class='ocrx_word' id='word_1_171' title='bbox 742 2162 783 2204; x_wconf 92' lang='lat' dir='ltr'><strong>ne</strong></span> <span class='ocrx_word' id='word_1_172' title='bbox 806 2161 898 2225; x_wconf 85' lang='lat' dir='ltr'><strong>apem</strong></span> <span class='ocrx_word' id='word_1_173' title='bbox 920 2140 1054 2224; x_wconf 89' lang='lat' dir='ltr'><strong>quidem</strong></span> <span class='ocrx_word' id='word_1_174' title='bbox 1075 2140 1165 2206; x_wconf 82' lang='lat' dir='ltr'><strong>ullam</strong></span> 
     </span>
     <span class='ocr_line' id='line_1_24' title="bbox 167 2225 1188 2312; baseline 0.006 -22"><span class='ocrx_word' id='word_1_175' title='bbox 167 2225 328 2310; x_wconf 88' lang='lat' dir='ltr'><strong>reliquam</strong></span> <span class='ocrx_word' id='word_1_176' title='bbox 346 2225 496 2309; x_wconf 88' lang='lat' dir='ltr'><strong>cuiquam</strong></span> <span class='ocrx_word' id='word_1_177' title='bbox 513 2225 638 2311; x_wconf 86' lang='lat' dir='ltr'><strong>feceris,</strong></span> <span class='ocrx_word' id='word_1_178' title='bbox 662 2228 784 2312; x_wconf 91' lang='lat' dir='ltr'><strong>aliquid</strong></span> <span class='ocrx_word' id='word_1_179' title='bbox 806 2232 842 2292; x_wconf 90' lang='lat' dir='ltr'><strong>te</strong></span> <span class='ocrx_word' id='word_1_180' title='bbox 862 2228 1022 2312; x_wconf 90' lang='lat' dir='ltr'><strong>populare</strong></span> <span class='ocrx_word' id='word_1_181' title='bbox 1044 2225 1164 2312; x_wconf 86' lang='lat' dir='ltr'><strong>putabis</strong></span> <span class='ocrx_word' id='word_1_182' title='bbox 1187 2225 1188 2296; x_wconf 56' lang='grc' dir='ltr'><strong>ἦ</strong></span> 
     </span>
     <span class='ocr_line' id='line_1_25' title="bbox 167 2305 1188 2400; baseline -0.002 -20"><span class='ocrx_word' id='word_1_183' title='bbox 167 2312 302 2396; x_wconf 87' lang='lat' dir='ltr'><strong>habere,</strong></span> <span class='ocrx_word' id='word_1_184' title='bbox 333 2335 407 2378; x_wconf 92' lang='lat' dir='ltr'><strong>cum</strong></span> <span class='ocrx_word' id='word_1_185' title='bbox 436 2311 521 2378; x_wconf 86' lang='lat' dir='ltr'><strong>dicos</strong></span> <span class='ocrx_word' id='word_1_186' title='bbox 554 2317 588 2379; x_wconf 89' lang='lat' dir='ltr'><strong>te</strong></span> <span class='ocrx_word' id='word_1_187' title='bbox 614 2315 719 2400; x_wconf 89' lang='lat' dir='ltr'><strong>pluris</strong></span> <span class='ocrx_word' id='word_1_188' title='bbox 746 2337 844 2400; x_wconf 89' lang='lat' dir='ltr'><strong>quam</strong></span> <span class='ocrx_word' id='word_1_189' title='bbox 872 2319 997 2382; x_wconf 87' lang='lat' dir='ltr'><strong>ceteros</strong></span> <span class='ocrx_word' id='word_1_190' title='bbox 1026 2317 1164 2382; x_wconf 78' lang='lat' dir='ltr'><strong>decumas</strong></span> <span class='ocrx_word' id='word_1_191' title='bbox 1187 2305 1188 2393; x_wconf 70' lang='lat' dir='ltr'><strong>i</strong></span> 
     </span>
     <span class='ocr_line' id='line_1_26' title="bbox 167 2400 1187 2488; baseline 0.001 -23"><span class='ocrx_word' id='word_1_192' title='bbox 167 2400 371 2467; x_wconf 81' lang='lat' dir='ltr'><strong>vendidisse?</strong></span> <span class='ocrx_word' id='word_1_193' title='bbox 421 2401 521 2478; x_wconf 84' lang='lat' dir='ltr'><strong>Quasi</strong></span> <span class='ocrx_word' id='word_1_194' title='bbox 551 2423 629 2468; x_wconf 87' lang='lat' dir='ltr'><strong>vero</strong></span> <span class='ocrx_word' id='word_1_195' title='bbox 662 2408 718 2469; x_wconf 89' lang='lat' dir='ltr'><strong>aut</strong></span> <span class='ocrx_word' id='word_1_196' title='bbox 747 2404 888 2488; x_wconf 89' lang='lat' dir='ltr'><strong>populus</strong></span> <span class='ocrx_word' id='word_1_197' title='bbox 914 2403 1084 2470; x_wconf 87' lang='lat' dir='ltr'><strong>Romanus</strong></span> <span class='ocrx_word' id='word_1_198' title='bbox 1114 2403 1187 2468; x_wconf 75' lang='lat' dir='ltr'><strong>hocs</strong></span> 
     </span>
     <span class='ocr_line' id='line_1_27' title="bbox 167 2488 1163 2576; baseline 0.001 -21"><span class='ocrx_word' id='word_1_199' title='bbox 167 2488 310 2555; x_wconf 82' lang='lat' dir='ltr'><strong>voluerit</strong></span> <span class='ocrx_word' id='word_1_200' title='bbox 340 2493 398 2555; x_wconf 90' lang='lat' dir='ltr'><strong>aut</strong></span> <span class='ocrx_word' id='word_1_201' title='bbox 430 2493 561 2555; x_wconf 87' lang='lat' dir='ltr'><strong>senatus</strong></span> <span class='ocrx_word' id='word_1_202' title='bbox 592 2490 655 2555; x_wconf 86' lang='lat' dir='ltr'><strong>tibi</strong></span> <span class='ocrx_word' id='word_1_203' title='bbox 683 2490 745 2556; x_wconf 93' lang='lat' dir='ltr'><strong>hoc</strong></span> <span class='ocrx_word' id='word_1_204' title='bbox 771 2491 989 2576; x_wconf 85' lang='lat' dir='ltr'><strong>mandaverit,</strong></span> <span class='ocrx_word' id='word_1_205' title='bbox 1020 2497 1072 2576; x_wconf 92' lang='lat' dir='ltr'><strong>ut,</strong></span> <span class='ocrx_word' id='word_1_206' title='bbox 1103 2509 1163 2558; x_wconf 85' lang='lat' dir='ltr'><strong>cum</strong></span> 
     </span>
     <span class='ocr_line' id='line_1_28' title="bbox 168 2577 1163 2665; baseline 0 -21"><span class='ocrx_word' id='word_1_207' title='bbox 168 2598 281 2644; x_wconf 90' lang='lat' dir='ltr'><strong>omnes</strong></span> <span class='ocrx_word' id='word_1_208' title='bbox 300 2581 467 2642; x_wconf 85' lang='lat' dir='ltr'><strong>aratorum</strong></span> <span class='ocrx_word' id='word_1_209' title='bbox 484 2577 633 2646; x_wconf 86' lang='lat' dir='ltr'><strong>fortunas</strong></span> <span class='ocrx_word' id='word_1_210' title='bbox 652 2579 859 2644; x_wconf 84' lang='lat' dir='ltr'><strong>decumarum</strong></span> <span class='ocrx_word' id='word_1_211' title='bbox 875 2579 1007 2645; x_wconf 87' lang='lat' dir='ltr'><strong>nomine</strong></span> <span class='ocrx_word' id='word_1_212' title='bbox 1025 2581 1163 2665; x_wconf 85' lang='lat' dir='ltr'><strong>eriperes,</strong></span> 
     </span>
     <span class='ocr_line' id='line_1_29' title="bbox 167 2663 1163 2751; baseline -0.005 -19"><span class='ocrx_word' id='word_1_213' title='bbox 167 2667 203 2732; x_wconf 92' lang='lat' dir='ltr'><strong>in</strong></span> <span class='ocrx_word' id='word_1_214' title='bbox 220 2667 388 2751; x_wconf 87' lang='lat' dir='ltr'><strong>posterum</strong></span> <span class='ocrx_word' id='word_1_215' title='bbox 405 2664 514 2731; x_wconf 82' lang='lat' dir='ltr'><strong>fructu</strong></span> <span class='ocrx_word' id='word_1_216' title='bbox 533 2666 591 2730; x_wconf 91' lang='lat' dir='ltr'><strong>illo</strong></span> <span class='ocrx_word' id='word_1_217' title='bbox 615 2666 849 2751; x_wconf 86' lang='lat' dir='ltr'><strong>commodoque</strong></span> <span class='ocrx_word' id='word_1_218' title='bbox 870 2667 1106 2734; x_wconf 83' lang='lat' dir='ltr'><strong>frumentariae</strong></span> <span class='ocrx_word' id='word_1_219' title='bbox 1125 2663 1163 2730; x_wconf 87' lang='lat' dir='ltr'><strong>rei</strong></span> 
     </span>
     <span class='ocr_line' id='line_1_30' title="bbox 167 2740 1187 2842; baseline -0.001 -23"><span class='ocrx_word' id='word_1_220' title='bbox 167 2754 325 2839; x_wconf 90' lang='lat' dir='ltr'><strong>populum</strong></span> <span class='ocrx_word' id='word_1_221' title='bbox 347 2752 531 2819; x_wconf 88' lang='lat' dir='ltr'><strong>Romanum</strong></span> <span class='ocrx_word' id='word_1_222' title='bbox 552 2753 707 2839; x_wconf 87' lang='lat' dir='ltr'><strong>privares,</strong></span> <span class='ocrx_word' id='word_1_223' title='bbox 730 2753 852 2838; x_wconf 88' lang='lat' dir='ltr'><strong>deinde,</strong></span> <span class='ocrx_word' id='word_1_224' title='bbox 876 2755 904 2819; x_wconf 89' lang='lat' dir='ltr'><strong>si</strong></span> <span class='ocrx_word' id='word_1_225' title='bbox 926 2777 1024 2839; x_wconf 88' lang='lat' dir='ltr'><strong>quam</strong></span> <span class='ocrx_word' id='word_1_226' title='bbox 1047 2761 1162 2842; x_wconf 86' lang='lat' dir='ltr'><strong>partem</strong></span> <span class='ocrx_word' id='word_1_227' title='bbox 1186 2740 1187 2790; x_wconf 73' lang='lat' dir='ltr'><strong>l</strong></span> 
     </span>
     <span class='ocr_line' id='line_1_31' title="bbox 167 2791 1187 2929; baseline 0.004 -23"><span class='ocrx_word' id='word_1_228' title='bbox 167 2846 243 2907; x_wconf 93' lang='lat' dir='ltr'><strong>tuae</strong></span> <span class='ocrx_word' id='word_1_229' title='bbox 261 2841 400 2926; x_wconf 87' lang='lat' dir='ltr'><strong>praedae</strong></span> <span class='ocrx_word' id='word_1_230' title='bbox 419 2841 461 2906; x_wconf 89' lang='lat' dir='ltr'><strong>ad</strong></span> <span class='ocrx_word' id='word_1_231' title='bbox 477 2863 638 2908; x_wconf 89' lang='lat' dir='ltr'><strong>summam</strong></span> <span class='ocrx_word' id='word_1_232' title='bbox 657 2843 862 2909; x_wconf 86' lang='lat' dir='ltr'><strong>decumarum</strong></span> <span class='ocrx_word' id='word_1_233' title='bbox 882 2843 1073 2929; x_wconf 82' lang='lat' dir='ltr'><strong>addidisses,</strong></span> <span class='ocrx_word' id='word_1_234' title='bbox 1094 2791 1187 2910; x_wconf 65' lang='lat' dir='ltr'><strong>bensA</strong></span> 
     </span>
     <span class='ocr_line' id='line_1_32' title="bbox 168 2929 1162 3080; baseline 0.003 -87"><span class='ocrx_word' id='word_1_235' title='bbox 168 2929 223 3080; x_wconf 75' lang='lat' dir='ltr'><strong>ded</strong></span> <span class='ocrx_word' id='word_1_236' title='bbox 244 2952 279 2994; x_wconf 90' lang='lat' dir='ltr'><strong>re</strong></span> <span class='ocrx_word' id='word_1_237' title='bbox 316 2929 461 3015; x_wconf 89' lang='lat' dir='ltr'><strong>publica,</strong></span> <span class='ocrx_word' id='word_1_238' title='bbox 501 2931 583 2995; x_wconf 88' lang='lat' dir='ltr'><strong>bene</strong></span> <span class='ocrx_word' id='word_1_239' title='bbox 619 2930 658 2996; x_wconf 87' lang='lat' dir='ltr'><strong>de</strong></span> <span class='ocrx_word' id='word_1_240' title='bbox 694 2931 815 3016; x_wconf 91' lang='lat' dir='ltr'><strong>populo</strong></span> <span class='ocrx_word' id='word_1_241' title='bbox 852 2931 1001 2997; x_wconf 83' lang='lat' dir='ltr'><strong>Romano</strong></span> <span class='ocrx_word' id='word_1_242' title='bbox 1040 2933 1162 2998; x_wconf 86' lang='lat' dir='ltr'><strong>meritus</strong></span> 
     </span>
     <span class='ocr_line' id='line_1_33' title="bbox 167 3038 321 3082; baseline 0.019 -3"><span class='ocrx_word' id='word_1_243' title='bbox 167 3038 201 3079; x_wconf 85' lang='lat' dir='ltr'><strong>vr</strong></span> <span class='ocrx_word' id='word_1_244' title='bbox 223 3038 321 3082; x_wconf 85' lang='lat' dir='ltr'><strong>erere.</strong></span> 
     </span>
    </p>

    <p class='ocr_par' dir='ltr' id='par_1_3' title="bbox 168 3103 1186 3458">
     <span class='ocr_line' id='line_1_34' title="bbox 236 3103 1161 3194; baseline 0.004 -28"><span class='ocrx_word' id='word_1_245' title='bbox 236 3103 344 3187; x_wconf 90' lang='lat' dir='ltr'><strong>Atque</strong></span> <span class='ocrx_word' id='word_1_246' title='bbox 375 3104 508 3189; x_wconf 87' lang='lat' dir='ltr'><strong>perinde</strong></span> <span class='ocrx_word' id='word_1_247' title='bbox 539 3106 669 3190; x_wconf 84' lang='lat' dir='ltr'><strong>loquor,</strong></span> <span class='ocrx_word' id='word_1_248' title='bbox 701 3106 795 3190; x_wconf 88' lang='lat' dir='ltr'><strong>quasi</strong></span> <span class='ocrx_word' id='word_1_249' title='bbox 820 3107 856 3170; x_wconf 92' lang='lat' dir='ltr'><strong>in</strong></span> <span class='ocrx_word' id='word_1_250' title='bbox 882 3127 921 3172; x_wconf 93' lang='lat' dir='ltr'><strong>eo</strong></span> <span class='ocrx_word' id='word_1_251' title='bbox 949 3107 994 3172; x_wconf 92' lang='lat' dir='ltr'><strong>sit</strong></span> <span class='ocrx_word' id='word_1_252' title='bbox 1019 3107 1161 3194; x_wconf 84' lang='lat' dir='ltr'><strong>iniquitas</strong></span> 
     </span>
     <span class='ocr_line' id='line_1_35' title="bbox 169 3189 1186 3281; baseline 0.005 -27"><span class='ocrx_word' id='word_1_253' title='bbox 169 3189 237 3254; x_wconf 85' lang='lat' dir='ltr'><strong>eius</strong></span> <span class='ocrx_word' id='word_1_254' title='bbox 255 3192 525 3275; x_wconf 87' lang='lat' dir='ltr'><strong>reprehendenda,</strong></span> <span class='ocrx_word' id='word_1_255' title='bbox 547 3193 785 3279; x_wconf 89' lang='lat' dir='ltr'><strong>quodpropter</strong></span> <span class='ocrx_word' id='word_1_256' title='bbox 806 3195 931 3280; x_wconf 80' lang='lat' dir='ltr'><strong>gloriae</strong></span> <span class='ocrx_word' id='word_1_257' title='bbox 953 3196 1160 3281; x_wconf 85' lang='lat' dir='ltr'><strong>cupiditatem,</strong></span> <span class='ocrx_word' id='word_1_258' title='bbox 1185 3195 1186 3248; x_wconf 73' lang='lat' dir='ltr'><strong>l</strong></span> 
     </span>
     <span class='ocr_line' id='line_1_36' title="bbox 168 3249 1186 3373; baseline 0.013 -35"><span class='ocrx_word' id='word_1_259' title='bbox 168 3280 205 3373; x_wconf 86' lang='lat' dir='ltr'><strong>ut</strong></span> <span class='ocrx_word' id='word_1_260' title='bbox 233 3276 359 3360; x_wconf 87' lang='lat' dir='ltr'><strong>aliquos</strong></span> <span class='ocrx_word' id='word_1_261' title='bbox 388 3300 514 3346; x_wconf 87' lang='lat' dir='ltr'><strong>summa</strong></span> <span class='ocrx_word' id='word_1_262' title='bbox 536 3280 693 3346; x_wconf 86' lang='lat' dir='ltr'><strong>frumenti</strong></span> <span class='ocrx_word' id='word_1_263' title='bbox 715 3281 884 3347; x_wconf 85' lang='lat' dir='ltr'><strong>decumani</strong></span> <span class='ocrx_word' id='word_1_264' title='bbox 905 3282 1063 3369; x_wconf 86' lang='lat' dir='ltr'><strong>vinceret,</strong></span> <span class='ocrx_word' id='word_1_265' title='bbox 1090 3249 1186 3350; x_wconf 69' lang='lat' dir='ltr'><strong>auor-⁸A</strong></span> 
     </span>
     <span class='ocr_line' id='line_1_37' title="bbox 168 3360 1159 3458; baseline 0.014 -37"><span class='ocrx_word' id='word_1_266' title='bbox 168 3360 292 3458; x_wconf 81' lang='lat' dir='ltr'><strong>bsorem</strong></span> <span class='ocrx_word' id='word_1_267' title='bbox 319 3363 439 3447; x_wconf 80' lang='lat' dir='ltr'><strong>legem,</strong></span> <span class='ocrx_word' id='word_1_268' title='bbox 470 3368 600 3432; x_wconf 89' lang='lat' dir='ltr'><strong>duriora</strong></span> <span class='ocrx_word' id='word_1_269' title='bbox 627 3368 732 3434; x_wconf 87' lang='lat' dir='ltr'><strong>edicta</strong></span> <span class='ocrx_word' id='word_1_270' title='bbox 757 3369 1003 3455; x_wconf 84' lang='lat' dir='ltr'><strong>interposuerit,</strong></span> <span class='ocrx_word' id='word_1_271' title='bbox 1030 3372 1159 3438; x_wconf 85' lang='lat' dir='ltr'><strong>omnium</strong></span> 
     </span>
    </p>

    <p class='ocr_par' dir='ltr' id='par_1_4' title="bbox 117 3453 1159 3544">
     <span class='ocr_line' id='line_1_38' title="bbox 117 3453 1159 3544; baseline 0.012 -39"><span class='ocrx_word' id='word_1_272' title='bbox 117 3455 150 3504; x_wconf 77' lang='lat' dir='ltr'><strong>ss</strong></span> <span class='ocrx_word' id='word_1_273' title='bbox 169 3465 369 3526; x_wconf 79' lang='lat' dir='ltr'><strong>superiorum</strong></span> <span class='ocrx_word' id='word_1_274' title='bbox 401 3453 631 3521; x_wconf 89' lang='lat' dir='ltr'><strong>auctoritatem</strong></span> <span class='ocrx_word' id='word_1_275' title='bbox 662 3455 849 3540; x_wconf 88' lang='lat' dir='ltr'><strong>repudiarit.</strong></span> <span class='ocrx_word' id='word_1_276' title='bbox 901 3457 1023 3544; x_wconf 79' lang='lat' dir='ltr'><strong>Magno</strong></span> <span class='ocrx_word' id='word_1_277' title='bbox 1055 3464 1093 3526; x_wconf 92' lang='lat' dir='ltr'><strong>tu</strong></span> <span class='ocrx_word' id='word_1_278' title='bbox 1120 3457 1159 3521; x_wconf 80' lang='lat' dir='ltr'><strong>de</strong></span> 
     </span>
    </p>
   </div>
   <div class='ocr_carea' id='block_1_3' title="bbox 0 0 1208 3936">
    <p class='ocr_par' dir='ltr' id='par_1_5' title="bbox 0 0 1208 3936">
     <span class='ocr_line' id='line_1_39' title="bbox 0 0 1208 3936; baseline 0 0"><span class='ocrx_word' id='word_1_279' title='bbox 0 0 1208 3936; x_wconf 95' lang='lat' dir='ltr'><strong> </strong></span> 
     </span>
    </p>
   </div>
  </div>
 </body>
</html>
