2392 3944
285 158 352 214 ΜΒ.
366 161 392 214 11
428 159 505 215 cAP.
521 166 626 217 es-sr
645 167 661 227 s
679 169 791 218 cr-sr.
975 164 1040 228 223

39 306 314 368 commemoraret.
363 302 414 368 Ex
445 303 504 368 illo
535 301 681 389 ternpore
710 327 729 370 a
758 306 944 372 civitatibus
972 309 1041 374 lau-

40 391 183 456 dationes
216 394 340 474 petere,
371 394 471 456 testes
503 414 570 458 non
602 392 707 458 solum
737 393 898 460 deterrere
924 397 1041 481 verbis,

39 478 91 543 sed
118 479 222 544 etiam
249 479 281 544 vi
304 478 443 544 retinere
466 481 580 566 coepit.
626 480 784 558 Quodnisi
806 503 866 568 ego
890 505 962 548 meo
986 485 1041 548 ed-

38 570 133 631 rentu
150 567 244 631 illius
266 571 400 633 conatus
424 568 627 652 aliquantum
650 570 877 654 repressissern
900 574 933 636 et
956 571 1042 655 apud

19 653 159 720 ⁶Siculos
193 677 260 720 non
286 653 426 739 Metelli,
458 657 513 721 sed
541 655 729 722 Glabrionis
756 657 876 724 litteris
905 681 942 724 ac
968 660 1041 745 lege

38 764 247 828 pugnassem,
274 746 343 806 tem
369 745 491 808 multos
518 748 619 809 testes
646 745 709 810 huo
737 767 869 812 evocare
895 769 962 812 non
986 769 1040 831 po

39 832 178 896 inissem.
211 828 343 914 Verum,
366 832 452 915 quod
469 833 598 897 institui
617 832 730 918 dicere,
752 834 900 900 miserias
923 809 1093 935 cogno-26}

40 920 111 984 scite
131 918 305 984 sociorum.
340 917 509 985 Heraclius
528 921 584 986 ille
604 924 636 984 et
654 921 823 1005 Epicrates
842 924 940 1009 longe
959 924 1040 988 rnihi

40 1007 164 1072 obviam
183 1027 258 1071 cum
277 1006 342 1070 ruis
362 1009 510 1074 omnibus
529 1013 764 1093 processerunt,
787 1011 929 1075 venienti
947 1009 1040 1094 Syra-

13 1111 126 1160 ucusas
145 1098 286 1180 egerunt
304 1096 427 1179 gratias
446 1097 568 1180 flentes,
588 1097 727 1162 Romam
745 1119 870 1164 mecum
889 1097 1040 1164 decedere

40 1183 234 1268 cupiverunt.
276 1181 368 1258 Quod
390 1188 483 1248 crant
506 1184 625 1269 oppida
647 1185 728 1249 mihi
751 1185 918 1270 complura
941 1186 1041 1251 etiam

40 1272 172 1355 reliqua,
202 1292 283 1353 quae
306 1271 394 1336 adire
416 1273 549 1356 vellem,
572 1273 727 1337 constitui
749 1295 822 1339 cum
845 1273 1040 1358 hominibus,

41 1381 95 1442 quo
131 1359 184 1422 dia
219 1358 301 1422 mihi
333 1358 503 1424 Messanae
537 1364 667 1444 praesto
702 1365 819 1426 essent.
874 1360 923 1426 no
959 1363 1039 1427 mihi

41 1447 184 1511 nuntium
203 1446 362 1510 miserunt
380 1469 414 1511 se
437 1469 457 1512 a
478 1452 630 1532 praetore
652 1449 793 1514 retineri.
829 1448 953 1526 Quibus
974 1471 1038 1604 ppo

15 1534 260 1600 ¹⁵testimonium
291 1535 491 1620 denuntiavi,
525 1557 662 1618 quorum
694 1537 779 1601 edidi
810 1539 944 1604 nomina
1010 1561 1039 1604 e

41 1624 126 1707 tello,
157 1622 359 1708 cupidissimi
385 1623 550 1707 veniundi,
581 1624 730 1690 maximis
758 1626 885 1691 iniuriis
913 1626 1040 1710 adfecti,

43 1711 137 1776 adhuc
164 1732 233 1776 non
260 1715 425 1776 venerunt.
470 1709 541 1776 Ηοο
565 1712 634 1775 iure
658 1716 734 1776 sunt
757 1714 848 1797 socii,
875 1716 912 1777 ut
934 1714 974 1776 iis
997 1735 1038 1778 ne

43 1799 205 1884 deplorare
227 1798 355 1882 quidem
379 1798 417 1864 de
441 1799 507 1862 suis
529 1798 741 1864 incommodis
765 1801 870 1864 liceat.

98 1885 170 1954 Iarn
200 1885 344 1952 Heraclii
371 1885 586 1971 Centuripini,
619 1887 745 1970 optumi
771 1887 1039 1970 nobilissumique
1058 1902 1092 1951 oc

16 1975 264 2057 arduennensis,
292 1975 514 2040 testimonium
542 1973 693 2058 audistis3
720 1997 740 2039 a
768 1995 831 2058 quo
854 1971 910 2037 Hs
932 1976 966 2040 cl
981 1996 1039 2058 per

44 2063 231 2128 calumniam
250 2061 473 2147 malitiamque
491 2062 596 2147 petita
615 2067 699 2127 sunt
735 2061 802 2127 Iste
821 2062 933 2146 poeuis
955 2084 1038 2127 com·

44 2151 268 2234 promissisque
283 2150 485 2234 interpositis
499 2148 555 2214 Hs
564 2151 653 2218 ὀἶῖὸῧ
667 2151 886 2235 extorquenda
904 2151 1038 2236 curauit,

44 2239 183 2323 quodque
196 2238 349 2303 iudicium
364 2239 536 2304 secundum
551 2238 739 2306 Heraclium
753 2239 792 2303 de
806 2239 1039 2323 compromisso

44 2325 156 2390 factum
186 2330 271 2409 erat,
298 2348 371 2390 cum
397 2326 476 2393 civis
502 2325 730 2413 Centuripinus
756 2327 841 2391 inter
868 2327 930 2392 duc
959 2327 1039 2393 civis

18 2412 251 2498 &diiudicasset
269 2413 302 2478 id
320 2414 449 2478 irritum
467 2416 564 2480 iussit
583 2437 652 2480 esse
671 2437 807 2498 eumque
825 2415 962 2480 iudicem
980 2415 1040 2481 fal-

46 2523 106 2566 sum
127 2502 288 2569 iudicasse
311 2501 478 2586 iudicavit3
500 2503 535 2567 in
558 2507 671 2568 senatu
695 2523 774 2585 esse,
796 2502 877 2568 locis
901 2525 1039 2568 commo·

46 2588 146 2674 disque
159 2589 300 2675 publicis
319 2590 368 2655 uti
385 2591 502 2674 vetuit,
521 2591 639 2675 siquis
658 2612 732 2655 eum
750 2589 921 2674 pulsasset,
940 2590 1040 2654 edixit

47 2697 106 2741 sese
131 2677 287 2744 iudicium
312 2677 505 2742 iniuriarum
530 2700 599 2743 non
625 2678 790 2761 daturum,
818 2677 969 2763 quioquid
998 2675 1039 2740 ab

47 2770 278 2850 repeteretur,
307 2765 444 2831 iudicem
471 2766 510 2831 de
538 2787 597 2831 sua
624 2767 757 2832 cohorte
785 2765 950 2845 daturum,
976 2763 1040 2846 ipsi

20 2856 144 2918 ”cutm
161 2854 284 2918 nullius
303 2853 463 2919 actionem
481 2854 529 2918 rei
547 2876 617 2918 sese
636 2855 796 2918 daturum.
832 2851 921 2929 Quae
943 2850 1039 2914 istius
1058 2863 1092 2912 cr

49 2941 213 3007 auctoritas
250 2945 378 3006 tantum
410 2942 527 3025 veluit,
563 2946 600 3007 ut
631 2963 734 3026 neque
766 2941 861 3005 illum
893 2939 1040 3023 pulsaret

49 3029 219 3112 quisquam,
248 3051 321 3094 cum
347 3032 479 3113 praetor
505 3029 539 3093 in
566 3030 732 3114 provincia
760 3049 819 3092 sua
846 3026 946 3091 verbo
968 3047 1040 3111 per-

48 3115 194 3201 mitteret,
222 3139 257 3182 re
280 3118 480 3202 hortaretur,
506 3140 610 3202 neque
633 3117 804 3202 quisquam
827 3114 868 3179 ab
892 3135 930 3178 eo
954 3114 1041 3199 quic

50 3222 136 3282 quam
156 3209 295 3289 peteret,
318 3227 390 3270 cum
413 3206 476 3270 iste
497 3205 676 3271 calumniae
699 3203 863 3268 licentiam
887 3223 945 3266 sua
969 3223 1042 3266 auc·

22 3291 170 3358 ⁸⁵loritste
192 3294 401 3377 ostendissem
422 3293 603 3379 ignominia
626 3296 735 3357 autem
758 3290 817 3355 illa
840 3290 949 3376 gravis
972 3292 1041 3354 torn

51 3375 97 3442 diu
113 3380 145 3444 in
161 3381 219 3446 illo
237 3382 368 3448 homine
387 3381 516 3465 mansit,
540 3402 636 3464 quam
657 3380 710 3445 diu
733 3379 796 3443 iste
818 3379 853 3442 in
875 3376 1042 3462 provincia

51 3461 112 3530 fuit
153 3467 222 3535 Ηοο
253 3469 371 3536 iniecto
404 3473 493 3534 metu
519 3469 677 3534 iudicibus
704 3489 789 3532 novo
817 3487 919 3550 more,
949 3466 1041 3530 nullo
