2422 3952
169 151 213 214 50
337 149 409 204 PRO
428 150 505 206 SEX.
523 149 655 207 Rosclo
673 149 842 206 seluemo
862 150 1004 206 ORATIO.

168 293 328 378 videmus,
354 315 412 359 vos
440 297 550 360 autem
571 295 714 360 maxime
735 295 860 360 debetis
883 295 918 358 in
940 312 994 360 cos
1015 293 1169 380 impetun

167 381 286 466 facere,
318 383 375 466 qui
401 387 574 448 merentur.
618 381 690 448 Hoc
708 373 838 468 =pupulo
861 383 1092 468 gratissimum
1117 387 1171 446 eat.

167 469 305 553 Deinde,
333 471 361 536 si
386 471 519 554 voletis,
546 471 645 535 etiam
672 475 757 554 tum,
784 487 858 536 eum
882 471 955 536 veri
981 471 1090 536 simile
1116 471 1172 535 erit

169 558 310 642 aliquem
338 560 551 642 commisisse,
578 560 612 623 in
629 558 821 642 suspicione
847 559 1017 642 latratum,
1030 553 1172 642 'idque

169 667 231 730 que
249 647 380 712 concedi
397 651 516 731 potest.
547 645 742 712 =Sinuutem
756 647 950 732 ‘sictugetie
971 651 1009 712 ut
1027 647 1192 734 augustin

169 735 310 818 aliquem
335 738 469 818 *petrem
496 735 651 800 occidisse
676 751 782 819 nequo
809 734 914 799 dicere
940 735 1092 820 possitis,
1123 739 1173 798 out

169 843 268 906 quere
287 825 344 886 cut
355 839 426 906 ¹'qum
444 824 550 906 modo,
572 842 610 888 ac
628 826 769 888 tantem
782 822 878 887 merlo
899 823 971 886 siue
996 823 1171 908 suspicione

167 909 347 992 latrebitis,
379 930 477 976 crure·
500 911 628 995 quidem
656 906 751 975 vobis
766 928 873 975 ‘nomo
900 911 1090 995 suillinget,
1115 909 1172 990 sed,

169 997 197 1062 si
224 1013 286 1084 ego
311 997 373 1062 lros
401 999 483 1063 bene
507 1000 597 1081 novi,
624 999 770 1063 litterum
792 999 898 1081 illem,
915 999 973 1063 :eui
994 1019 1055 1064 uos
1077 1017 1171 1082 usquc

169 1107 208 1151 eu
238 1086 361 1152 inimici
392 1087 486 1171 estis,
516 1091 555 1151 ut
586 1087 685 1151 etiem
715 1085 788 1150 nal.
814 1086 919 1151 omnis
949 1085 1101 1168 uderit‘m,
1130 1087 1195 1148 ite

168 1175 375 1240 vehementer
408 1175 452 1240 ad
481 1179 580 1260 eaput
611 1175 767 1260 adfigent,
799 1179 838 1238 et
857 1178 985 1258 'postea
1015 1175 1170 1239 nemiuem

169 1262 270 1326 alium
292 1263 356 1327 nisi
378 1262 527 1328 fortunas
549 1266 676 1328 vestras
700 1282 850 1327 accusare
872 1262 1017 1346 possitis.

116 1320 156 1446 ἕξ
235 1348 319 1424 oure
332 1350 413 1414 min
427 1350 469 1414 ac
485 1351 719 1416 defendendum
737 1351 864 1432 cemes,
881 1350 967 1415 eone
985 1349 1170 1416 accusator?

169 1437 348 1520 quidxhisce
366 1442 476 1502 autem
493 1438 536 1502 cd
554 1437 805 1522 suspicandum?
838 1435 901 1502 ‘Ne
912 1437 1170 1518 exheredaretur,
1197 1465 1198 1478 2

168 1524 289 1588 veritus
314 1525 386 1590 est'
426 1525 543 1607 Audio,
566 1527 622 1590 sed
639 1549 705 1612 quc
723 1527 762 1592 de
780 1527 1000 1591 causu'vereri
1022 1526 1170 1605 debuerit,

167 1631 263 1677 nemo
291 1612 377 1676 dicit.
419 1611 587 1678 ‘Hebebut
611 1615 762 1698 poterin
784 1612 914 1678 animo?
954 1614 1098 1680 Planum
1118 1613 1169 1677 iac.
1197 1661 1198 1690 ,

168 1698 260 1764 Nihil
291 1703 356 1784 est3
385 1721 467 1785 non,
494 1701 623 1786 quicum
650 1702 851 1785 deliberarit,
883 1720 980 1786 quem
1007 1703 1170 1768 certiorem

167 1787 294 1873 fecerit,
316 1789 400 1854 nude
418 1789 506 1854 istud
523 1791 618 1856 vobis
641 1790 798 1875 suspicari
820 1791 855 1854 iu
877 1795 1020 1856 mentem
1044 1789 1169 1856 uenerit.
1197 1841 1198 1880 ,

169 1875 251 1943 (lum
269 1878 332 1944 hoc
349 1878 445 1944 modo
465 1895 605 1961 coenses,
622 1877 728 1961 Eruci,
748 1899 855 1942 nonne
873 1878 935 1943 hoc
952 1879 1065 1962 palam
1084 1878 1168 1942 dicis:

169 1965 253 2052 ‘Ego
272 1966 349 2050 quid
372 1967 562 2051 acceperim,
586 1967 666 2051 scio,
688 1967 766 2050 quid
789 1966 907 2049 dicam,
928 1967 1054 2050 uesoi03
1078 1919 1198 2056 unumd

168 2053 250 2117 illud
268 2055 422 2136 spectari,
445 2055 530 2137 quod
549 2053 781 2140 Chrysogonus
799 2054 917 2136 aiebat,
939 2055 1104 2120 neminem
1121 2051 1168 2116 isti
1197 2079 1198 2128 l

168 2144 342 2224 patronum
373 2139 533 2224 futurum
564 2141 606 2205 de
630 2144 789 2207 tonorum
816 2142 982 2225 emptione
1008 2143 1112 2227 deque
1137 2161 1169 2203 eu

169 2227 324 2292 societate
354 2228 517 2292 neminem
547 2247 620 2294 eese
651 2227 707 2314 qui
738 2230 873 2294 uerbum
904 2229 1011 2295 faeere
1042 2230 1167 2296 auderet
1197 2259 1198 2268 2

167 2315 230 2380 hcc
249 2315 429 2399 temperet
454 2314 544 2382 Haec
562 2321 596 2382 te
615 2317 724 2402 opinio
740 2317 828 2381 falsa
849 2317 884 2381 in
905 2317 1005 2382 istam
1028 2317 1167 2383 frondem

167 2401 312 2486 impulit3
329 2418 395 2467 non
409 2404 608 2470 mehercules
625 2406 760 2470 verbum
775 2405 918 2488 fecisses,
937 2406 965 2470 si
982 2405 1047 2470 tibi
1065 2423 1166 2488 quem·
1176 2413 1198 2456 '⁵'

169 2507 266 2574 qoam
288 2509 518 2581 responsurum
537 2497 699 2578 putasses.

116 2588 149 2637 te
228 2577 360 2662 lOperee
389 2580 531 2665 pretium
559 2586 645 2665 erat,
674 2582 702 2646 si
729 2581 1017 2664 animadvertistis,
1046 2582 1165 2658 iudices,

12 2649 13 2704 i
166 2667 408 2753 neglegentiam
440 2669 508 2734 eius
535 2669 571 2733 in
593 2669 777 2755 ¹cecueundo
803 2670 1016 2735 considerare.
1053 2667 1166 2744 ‘Orode

168 2777 240 2820 cum
258 2753 402 2838 vidisset,
424 2757 481 2840 qui
498 2757 647 2822 homines
661 2758 700 2822 'in
711 2757 806 2822 ⁴hisee
829 2757 993 2826 subselliis
1016 2757 1164 2834 sederent,

168 2843 345 2928 quaesisse,
372 2865 449 2909 num
477 2845 536 2910 ille
562 2849 619 2910 aut
643 2846 700 2910 ille
723 2845 910 2910 defensurus
933 2849 1032 2928 esset,
1058 2846 1099 2910 de
1121 2853 1193 2907 mell

166 2951 207 2996 ne
225 2933 426 3017 suspicatum
445 2933 573 3016 quidem
591 2953 671 3016 esee,
693 2934 780 3017 quod
797 2937 894 3000 antea
915 2953 1047 3000 eausam
1069 2929 1166 3019 publi·

168 3041 238 3083 cam
268 3021 394 3085 nullum
425 3020 569 3085 dixerim.
618 3021 835 3105 Posteaquam
861 3021 986 3087 inuenit
1009 3022 1164 3087 neminen

168 3123 286 3189 eorum,
311 3109 366 3190 qui
387 3112 527 3192 possunt
542 3111 583 3172 et
596 3111 721 3192 solent,
742 3111 791 3174 ita
811 3111 988 3196 neglegens
1011 3128 1083 3176 csse
1104 3127 1165 3174 coe

165 3193 229 3277 pit,
256 3196 306 3276 ut,
334 3215 406 3261 cum
433 3197 468 3260 in
491 3200 633 3262 mentem
655 3198 780 3263 veniret
803 3198 845 3283 ei,
867 3197 1037 3280 resideret,
1060 3191 1163 3262 demde

167 3281 377 3365 spatiaretur,
411 3303 479 3348 nou
509 3293 691 3370 numquam
727 3287 826 3351 etism
861 3303 996 3371 puerum
1032 3284 1194 3361 roderet,³⁵

167 3368 274 3451 credo,
306 3370 357 3432 cui
384 3380 495 3448 cenem
512 3373 711 3458 imperaret,
738 3383 870 3460 prorsus
898 3378 935 3438 ut
961 3377 1071 3439 vestro
1097 3389 1162 3438 con-

167 3473 258 3520 sessu
272 3459 305 3520 et
317 3454 380 3520 hoc
394 3463 627 3544 conventupro
643 3467 769 3528 nummu
785 3462 957 3527 solitudine
975 3462 1162 3527 abuteretur.
