2470 3936
302 138 370 194 LIB.
384 139 410 196 V
441 139 517 196 cAP.
538 145 642 198 oo-or
661 146 676 208 ἃ
697 148 843 199 rsa-148.
1010 146 1077 212 483

72 286 106 350 et
142 305 214 349 eam
246 281 376 350 Siciliae
408 287 536 368 partem
567 285 710 352 tenuisse
742 286 867 353 dicitur.
916 287 964 352 At
995 311 1079 374 quae
1173 314 1182 332 ·

71 375 268 438 causatum
295 371 515 438 subiciebatur
542 374 583 439 ab
611 373 697 459 ipso,
723 374 858 460 iudices,
884 375 980 441 huius
1006 381 1075 444 tam

70 460 215 526 nefariae
229 458 460 528 crudelitatis?¹
485 461 618 547 Eadem,
636 484 717 547 quae
735 485 821 528 nunc
838 463 873 528 in
890 463 1076 532 defensione

71 548 387 616 commemorabitur.
426 547 624 634 Quicumque
648 555 849 618 accesseram
872 551 913 618 ad
931 549 1076 618 Siciliam

43 638 171 722 spaulo
194 637 370 722 pleniores,
393 658 448 705 eos
471 635 676 704 Sertorianos
698 639 820 704 milites
843 661 913 706 esse
936 644 1034 725 atque
1057 663 1078 707 a

70 725 191 792 Dianio
209 723 322 812 fugere
341 724 478 826 dicebat.
513 725 567 791 Illi
584 726 626 792 ad
644 726 880 812 deprecandum
898 728 1077 814 periculum

70 813 393 986 {blitildis
410 813 854 989 lltbffblllznb
869 817 1077 992 illilus?

71 991 149 1056 vina
166 1009 232 1056 non
249 989 332 1056 nulli
351 988 475 1056 Graeca
492 991 679 1076 venalisque
697 991 871 1078 Asiaticos,
891 997 929 1060 ut
951 994 1078 1062 intelle·

31 1081 202 1165 regeretur
220 1099 259 1142 ex
277 1077 447 1162 mercibus,
470 1079 586 1164 quibus
605 1101 644 1144 ex
658 1079 742 1146 locis
763 1081 965 1167 navigarent.
1000 1080 1077 1150 Non

69 1167 280 1253 providerant
298 1187 353 1232 eas
371 1167 460 1252 ipsas
480 1166 543 1232 sibi
561 1188 675 1236 causes
699 1189 769 1234 esse
791 1169 935 1254 periculi,
959 1169 1076 1254 quibus

70 1254 274 1342 argumentis
308 1276 342 1321 se
376 1253 416 1321 ad
450 1255 591 1323 salutem
622 1255 672 1322 uti
706 1256 959 1323 arbitrabantur.
1007 1257 1076 1324 Iste

70 1345 157 1410 enim
189 1343 269 1412 haec
299 1364 356 1410 eos
385 1365 425 1408 ex
453 1343 633 1428 piratarum
660 1345 816 1411 societate
843 1345 978 1431 adeptos
1005 1335 1092 1412 esse*

71 1433 213 1515 dicebat;
239 1432 328 1516 ipsos
354 1431 389 1500 in
415 1431 592 1498 lautumias
620 1432 735 1499 abduci
760 1433 885 1518 impera
927 1437 955 1518 t,
982 1435 1075 1500 navis

32 1537 57 1578 1⁶
70 1541 183 1588 eorum
197 1523 294 1604 atque
308 1541 407 1586 onera
423 1518 596 1606 diligenter
610 1521 811 1588 adservanda
824 1543 901 1588 cura
925 1526 967 1588 at.
995 1521 1057 1588 His
1078 1494 1128 1623 δῖ(

70 1607 231 1676 institutis
272 1629 345 1674 cum
384 1608 565 1692 completus
605 1609 671 1675 iam
712 1613 929 1676 mercatorum
967 1632 1076 1677 carcer

71 1700 167 1781 esset,
189 1701 260 1762 tum
282 1695 342 1764 illa
363 1695 494 1780 fiebant,
517 1717 598 1780 quaa
620 1695 657 1762 L.
675 1694 830 1781 Suetium,
854 1697 995 1782 equitem
1013 1699 1076 1764 Ro·

70 1807 217 1870 manum,
243 1783 456 1852 lectissimum
483 1784 602 1869 virum,
630 1784 734 1850 dicere
758 1784 910 1868 audistis,
937 1789 971 1850 et
994 1809 1075 1870 quae

70 1879 194 1942 ceteros
213 1872 360 1941 audietis.
395 1871 543 1938 Cervices
566 1872 600 1938 in
623 1894 750 1940 carcere
771 1873 1008 1959 frangebantur
1029 1875 1075 1940 iu-

33 1978 58 2020 20
71 1960 261 2049 dignissime
292 1961 410 2028 civium
436 1960 669 2046 Romanorum,
700 1964 738 2028 ut
769 1961 835 2026 iam
866 1960 926 2026 illa
952 1984 1016 2028 vox
1043 1967 1076 2028 et

70 2049 260 2136 inploratio:
280 2046 402 2114 ‘Civis
415 2047 608 2115 Romanus
627 2047 733 2134 snm',
752 2069 835 2134 quae
848 2071 945 2136 saepe
961 2051 1075 2116 multis

13 2199 21 2209 .
70 2141 103 2206 in
123 2138 247 2204 ultimis
266 2138 364 2204 terris
383 2159 477 2223 opem
496 2137 581 2202 inter
598 2138 758 2204 barbaros
777 2142 810 2203 et
829 2137 967 2204 salutem
988 2137 1075 2223 tulit,

72 2247 109 2293 ea
138 2230 276 2292 mortem
305 2224 372 2290 illis
403 2225 601 2293 acerbiorem
629 2229 663 2292 et
692 2226 885 2312 supplicium
916 2226 1075 2294 maturius

70 2317 180 2382 ferret.
225 2313 308 2392 Quid
335 2317 398 2396 est,
424 2311 565 2378 Verres?
598 2313 676 2398 quid
702 2315 745 2380 ad
771 2315 851 2381 haec
876 2315 1002 2401 cogitas
1025 2337 1075 2382 re-

36 2419 58 2460 u
72 2403 251 2490 spondere?
274 2423 353 2466 num
371 2401 502 2466 mentiri
520 2423 581 2485 me,
602 2423 681 2466 num
699 2402 821 2488 fingere
842 2401 975 2486 aliquid,
995 2425 1075 2468 num

71 2511 199 2646 {litt
216 2489 468 2644 titillo
496 2488 586 2643 bib
599 2489 716 2643 affl
740 2489 859 2661 lito
872 2488 946 2642 iii
969 2489 1075 2660 llll

699 2627 708 2661 9

72 2669 144 2734 sinu
171 2667 299 2734 litteras
323 2664 612 2751 Syracusanorum,
638 2686 719 2749 quas
746 2665 810 2730 iste
838 2626 879 2730 ad
902 2665 1075 2731 arbitrium

72 2779 166 2824 suum
180 2755 343 2822 confectas
359 2775 430 2820 esse
448 2753 636 2838 arbitratur,
654 2753 731 2820 cedo
749 2752 910 2820 rationem
928 2754 1075 2839 carceris,

37 2859 59 2902 ³⁰
72 2865 154 2931 quae
179 2842 427 2931 diligentissime
451 2842 632 2926 conficitur,
659 2863 723 2927 quo
747 2841 882 2927 quisque
906 2841 956 2906 die
980 2841 1074 2908 datus

71 2935 104 2998 in
119 2932 308 3016 custodiam,
327 2951 390 3016 quo
404 2933 562 3015 mortuus,
580 2951 644 3014 quo
657 2933 790 2996 necatus
810 2930 862 2995 sit.
896 2929 1074 2996 ervaasa

72 3019 383 3088 svascosmorou.
426 3017 554 3084 Videtis
583 3018 670 3083 cives
698 3017 863 3084 Romanos
894 3017 1056 3104 gragatim
1076 3030 1126 3080 148

72 3110 233 3176 coniectos
260 3108 295 3174 in
321 3106 511 3191 lautumias,
541 3105 659 3172 videtis
685 3105 913 3193 indignissimo
940 3107 975 3170 in
1001 3107 1073 3174 loco

72 3201 295 3266 coacervatam
309 3195 551 3264 multitudinem
564 3199 747 3264 vestrorum
763 3194 891 3260 civium.
923 3193 1076 3270 Quaerite

37 3299 156 3353 ³⁵nunc
182 3286 266 3351 vesti
292 3285 335 3369 ἰ,
363 3284 479 3370 quibus
503 3283 607 3349 exitus
630 3305 741 3349 eorum
765 3305 803 3348 ex
826 3282 884 3349 illo
907 3282 979 3348 loco
1002 3304 1076 3350 con·

71 3379 215 3461 pereant.
284 3373 352 3440 ulla
370 3377 455 3439 sunt.
490 3371 651 3440 Omnesne
670 3370 813 3439 mortui?
845 3368 879 3436 Si
897 3370 945 3458 ita
963 3374 1075 3456 posset

72 3463 253 3548 defendere,
276 3466 385 3530 tamen
404 3461 483 3528 fides
506 3461 581 3528 huic
604 3459 781 3528 defensioni
803 3481 869 3525 non
890 3459 1076 3526 haberetur.

809 3563 863 3618 31*
