2422 3952
355 191 434 248 CAP.
452 198 557 248 23-25
577 198 592 259 ἓ
612 199 724 249 75-79.
996 193 1040 259 25

38 336 110 402 citis
135 335 330 402 familiarius
359 337 425 401 dixi
452 336 534 402 mihi
560 337 663 403 videri
686 357 741 401 ore
764 336 935 402 durissimo
959 357 1039 421 esse,

37 425 86 508 qui
112 428 285 510 praesente
314 446 352 490 eo
376 429 505 511 gestum
528 445 625 510 cgere
649 428 856 507 conarentur,
884 425 940 508 qui
961 447 1038 491 vero

37 535 102 577 cum
125 513 202 599 ipso
225 513 469 596 contenderent,
494 534 562 596 eos,
586 513 715 578 etiamsi
738 513 816 596 quid
839 516 936 578 antea
958 514 1039 578 recti

36 605 86 665 eut
111 602 244 668 venusti
271 601 392 666 hebere
418 600 481 666 visi
503 605 625 686 essent,
652 602 687 666 id
709 601 874 684 amittere,
899 601 1041 684 nequid

15 689 108 753 mihi
132 690 204 754 eius
226 689 315 754 modi
337 689 504 772 accideret,
526 711 600 754 cum
621 694 736 756 contre
757 689 858 756 telem
881 689 1039 754 certificem

36 777 176 843 dicturus
199 799 317 860 essem,
339 799 391 843 me
413 778 526 842 vereri.

93 865 181 931 Tum
203 865 285 931 mihi
307 865 443 931 Roscius
467 869 500 930 et
523 865 589 931 elie
610 866 716 930 multe
738 864 949 931 confirmandi
974 864 1038 930 mei
1048 835 1091 963 ἓξ

36 975 126 1019 ceusu
145 954 238 1037 dixit,
260 958 299 1018 ut
320 954 511 1037 mehercule,
533 953 563 1018 si
584 953 667 1018 nihil
690 953 819 1037 diceret,
841 954 941 1020 tacito
964 953 1038 1038 ipso

36 1043 136 1107 officio
152 1031 186 1107 et
200 1043 320 1126 studio,
338 1041 423 1126 quod
440 1041 584 1106 habebut
603 1062 681 1127 erge
699 1041 917 1126 propinquum
936 1062 1039 1121 suum,

14 1131 177 1213 uquemvis
205 1133 423 1196 commoveret
450 1127 585 1216 (etenim
613 1151 686 1195 cum
714 1129 833 1195 artifex
859 1128 1039 1194 eiusmodi

37 1219 83 1301 sit,
104 1223 142 1285 ut
160 1219 253 1284 solus
272 1217 390 1304 dignus
408 1217 555 1282 videatur
573 1239 653 1301 esse,
677 1217 788 1301 quiin
812 1238 927 1282 scaena
950 1237 1039 1301 spec·

36 1310 125 1390 tetur,
146 1311 221 1372 tum
239 1307 291 1372 vir
308 1305 484 1372 eiusmodi
501 1310 561 1390 est,
582 1310 620 1370 ut
638 1306 727 1371 solus
747 1305 863 1392 dignus
881 1305 1039 1390 videatur,

38 1395 86 1477 qui
107 1417 145 1461 eo
167 1417 238 1461 non
260 1393 406 1480 secedet)
431 1429 468 1442 -
494 1415 606 1459 rerum
628 1397 751 1458 tamen:
776 1392 897 1469 ‘Quies
921 1391 971 1476 si',
994 1392 1039 1458 in-

38 1483 113 1566 quit,
140 1483 262 1548 ‘hebes
289 1483 358 1548 eius
384 1482 472 1548 modi
499 1503 644 1567 censam,
670 1487 709 1547 ut
735 1482 797 1548 hoc
819 1482 882 1547 tibi
904 1482 1039 1566 plenum

14 1571 77 1634 esic
102 1571 301 1655 faciendum,
330 1571 493 1636 neminem
523 1592 606 1654 esse,
639 1571 694 1654 qui
723 1571 829 1656 possit
856 1570 953 1636 biduo
982 1573 1040 1635 sut

39 1665 192 1725 summum
210 1659 321 1724 triduo
342 1659 550 1747 septingenta
571 1659 663 1724 milia
685 1680 840 1744 passuum
864 1658 1039 1741 ambulare,

39 1751 179 1814 tamenne
193 1748 325 1825 vereris,
344 1751 381 1812 ut
398 1747 505 1833 possis
523 1747 585 1814 hoe
603 1750 716 1813 contre
733 1745 953 1811 Hortensium*
965 1767 1040 1810 con·

39 1835 198 1902 tendere‘l’
227 1835 402 1921 ‘Minime'‚
427 1836 569 1920 inquam.
614 1833 694 1900 ‘Sed
716 1835 794 1917 quid
815 1834 850 1898 id
872 1834 913 1898 ed
936 1831 1038 1898 reml’
1058 1837 1091 1886 79

39 1921 229 2010 ‘Nimirum',
246 1924 362 2008 inquit,
380 1923 426 1988 ‘in
440 1945 477 1988 eo
491 1945 590 1990 eausa
603 1921 774 1988 consistit?
807 1920 890 1997 ‘Quo
908 1919 1040 1985 modo?

15 2009 132 2078 *Docet
150 2034 204 2078 me
225 2013 295 2077 eius
317 2012 407 2077 modi
427 2033 497 2076 rem
520 2016 553 2077 et
574 2012 698 2077 fectum
722 2010 819 2076 simul
841 2007 913 2075 Sex.
926 2007 1040 2090 Ncevi,

41 2101 115 2181 quud
139 2102 169 2166 si
193 2101 301 2165 solum
322 2099 536 2184 proferretur,
564 2100 645 2165 setis
668 2121 739 2164 esse
762 2099 901 2164 deberet.
947 2095 1040 2173 Quod

41 2188 89 2252 ebs
114 2194 161 2274 te,
196 2187 231 2254 0.
249 2187 374 2273 Aquili,
402 2191 434 2253 et
461 2211 482 2253 e
508 2188 616 2270 vobis,
644 2187 700 2272 qui
726 2187 804 2252 estis
831 2187 867 2252 in
893 2186 1039 2270 consilio,

41 2297 147 2357 queeso
178 2280 218 2342 ut
245 2276 418 2362 diligenter
444 2276 635 2359 attendetis,
666 2276 812 2361 profecto
838 2275 1039 2360 intellegetis

41 2363 112 2430 illim
129 2367 172 2431 eb
191 2364 288 2429 initio
307 2365 516 2449 cupiditatem
534 2385 697 2451 pugnasse
716 2369 750 2429 et
767 2363 943 2446 undecim,
965 2362 1040 2428 hinc

16 2455 204 2518 secutarem
218 2456 252 2518 ct
269 2452 434 2540 pudorem,
452 2453 559 2536 quoad
576 2452 729 2536 potuerit,
746 2452 916 2517 restitisse.
947 2449 1040 2516 Bona

44 2543 177 2623 postules
207 2544 245 2606 ut
272 2561 311 2605 ex
334 2539 438 2605 edicto
461 2539 627 2624 possidere
649 2541 755 2605 liceat.
796 2537 865 2614 Quo
889 2539 962 2604 die?
994 2539 1039 2604 Te

44 2627 149 2715 ipsum,
182 2628 302 2714 Naevi,
332 2628 408 2694 volo
440 2629 565 2712 audire,
595 2629 671 2693 volo
685 2663 689 2672 ·
703 2627 886 2693 inauditum
914 2627 1040 2692 fucinus

45 2715 145 2870 ppo,
164 2716 390 2870 dudd?
392 2715 810 2870 tllcdteddssttt„
820 2712 1040 2866 ’1)ὶέθηῖδίἔὲ

19 2889 135 2965 ”Quem
154 2895 256 2979 longe
279 2898 330 2958 est
351 2891 427 2957 hinc
448 2893 484 2956 in
505 2893 626 2957 saltum
648 2896 794 2957 vestrum
812 2889 1040 2955 Gallicanum?

45 2977 147 3066 Naevi,
172 2987 208 3046 te
234 3001 325 3070 rogo.
362 2980 448 3046 ‘nco
473 2979 565 3045 milis
591 2978 766 3065 passuum.²
812 2977 951 3062 Optime.
991 2976 1040 3042 De

48 3069 120 3135 celtu
132 3070 270 3136 deicitur
282 3068 452 3145 Quinctius
468 3105 506 3116 -
524 3068 676 3152 quodie?
701 3087 873 3153 possumus
888 3065 950 3131 hoc
964 3087 1040 3151 quo·

49 3177 96 3237 que
121 3179 160 3223 ex
186 3163 221 3222 te
248 3157 380 3222 audire?
416 3154 499 3231 Quid
528 3157 639 3222 taces?
673 3156 736 3240 die,
767 3156 914 3241 inquem,
946 3154 1040 3220 diem.

49 3241 136 3311 Pudet
157 3246 277 3328 dicere3
302 3245 474 3330 intellcg03
500 3267 613 3310 verum
636 3247 669 3308 et
692 3264 765 3309 sero
788 3247 822 3308 et
843 3242 1040 3327 nequiquam

26 3333 140 3413 ”pudet
185 3334 331 3399 Dcicitur
357 3334 396 3398 de
424 3333 524 3417 seltu,
556 3331 591 3397 Ο.
616 3332 744 3416 Aquili,
774 3331 877 3416 pridie
904 3330 1040 3396 Kalend.

53 3419 256 3506 intercalares,
279 3421 376 3486 biduo
394 3425 471 3509 post
489 3424 555 3505 eut,
577 3420 746 3486 utstatim
767 3420 805 3484 de
828 3419 897 3483 inre
921 3419 1039 3501 aliquis

54 3511 222 3595 cucurrerit,
247 3531 314 3576 non
341 3513 412 3576 toto
438 3508 547 3574 triduo
575 3524 644 3574 nco
671 3508 763 3573 milia
789 3527 944 3591 passuum
967 3525 1039 3567 con-
