2470 3936
151 129 219 194 482
454 127 493 182 IN
513 128 541 184 C.
556 126 710 182 VERREM
728 125 808 182 AC'R
827 127 861 181 H.

152 272 221 355 sed,
253 272 448 356 ubicumque
478 275 640 336 terrarum
673 274 706 336 et
738 269 886 356 gentium
917 268 1074 336 violatum
1105 269 1153 334 ius
1225 279 1226 286 ’

151 359 270 426 civium
288 360 510 426 Romanorum
529 360 583 443 sit,
606 358 752 424 statuitis
771 358 806 422 id
826 358 987 444 pertinere
1009 357 1051 423 ad
1072 379 1153 424 com·
1225 371 1226 380 ’

97 464 151 514 144
170 470 301 515 munem
318 470 448 515 causam
462 448 624 514 libertatis
640 451 674 512 et
687 446 868 533 dignitatis.
894 444 935 511 In
953 450 1154 512 externorum
1225 501 1226 512 ,

151 536 320 603 hominnm
339 537 562 602 maleficorum
579 536 885 619 sceleratorumque,
906 535 943 600 in
959 534 1154 620 praedonum

152 626 360 710 hostiumque
396 624 560 691 custodias
596 629 634 690 tu
668 627 798 690 tanturn
834 644 1004 688 numerum
1040 621 1176 689 civiums

151 713 374 780 Romanorum
404 712 569 778 includere
601 734 698 778 ausus
730 712 787 778 es‘?
837 709 1066 795 Numquamne
1096 711 1155 776 tibi

151 802 275 886 iudicii,
305 823 482 885 numquam
512 800 687 884 contionis,
717 821 897 884 numquam
924 799 1021 864 huius
1048 803 1154 864 tantae

152 889 361 974 frequentiae,
380 911 462 975 quae
479 910 566 955 nunc
584 893 617 954 te
636 888 745 954 animo
762 887 969 972 iniquissimo
987 887 1152 952 infestissi-

151 1000 269 1062 moque
287 978 440 1062 intuetur,
462 977 552 1044 venit
575 978 609 1042 in
632 976 796 1043 mentem?
819 998 998 1060 numquam
1020 976 1083 1040 tibi
1102 997 1153 1061 po·

151 1067 222 1151 puli
239 1066 380 1132 Romani
397 1064 542 1131 absentis
564 1065 716 1152 dignitas,
738 1086 917 1149 numquam
941 1064 1065 1150 species
1087 1065 1187 1149 ipsau

152 1155 285 1221 huiusce
312 1153 531 1221 multitudinis
553 1154 589 1218 in
611 1153 713 1218 oculis
737 1152 911 1237 animoque
934 1155 1066 1218 versata
1088 1152 1154 1218 est?

151 1264 328 1328 numquam
355 1248 388 1308 te
415 1242 450 1308 in
474 1241 592 1307 horum
615 1245 823 1327 conspectum
845 1241 1041 1326 rediturum,
1067 1263 1155 1306 num-

151 1353 250 1416 quam
277 1332 311 1396 in
337 1331 445 1396 forum
470 1330 583 1415 populi
604 1329 745 1396 Romani
766 1331 954 1413 venturum,
980 1351 1154 1414 numquam

152 1420 212 1489 sub
245 1421 355 1505 legum
388 1423 421 1484 et
452 1418 644 1484 iudiciorum
674 1419 873 1502 potestatem
905 1439 1059 1483 casurum
1089 1439 1155 1482 esse

152 1506 295 1570 duxisti?
1165 1525 1188 1568 u

98 1567 150 1694 ‘1'ss
216 1593 264 1658 At
296 1615 377 1678 quae
405 1597 476 1660 erat
502 1593 568 1660 ista
594 1593 697 1660 libido
725 1593 928 1660 crudelitatis
957 1594 1154 1676 exercendae,

152 1681 462 1766 quaetotscelerum
475 1681 752 1767 suscipiendorum
762 1683 880 1749 causa?
904 1680 1016 1766 Nulla,
1028 1681 1155 1765 iudices,

150 1775 281 1854 praeter
321 1771 496 1856 praedandi
531 1792 651 1837 novam
687 1771 952 1856 singularemque
988 1770 1154 1836 rationem.

150 1857 237 1924 Nam
255 1863 293 1924 ut
311 1859 371 1943 illi,
393 1881 477 1944 quoa
494 1881 514 1924 a
530 1858 636 1943 podiis
656 1859 846 1944 accepimus,
870 1858 926 1944 qui
948 1858 1038 1924 sinus
1063 1880 1154 1944 quos-

151 1946 227 2012 dam
246 1947 411 2014 obsedisse
429 1947 620 2014 maritumos
639 1951 696 2012 aut
719 1947 829 2030 aliqua
851 1947 1079 2032 promunturia
1100 1951 1154 2012 aut
1165 1965 1188 2006 a

150 2040 328 2122 praerupta
355 2057 434 2102 saxa
456 2035 598 2102 tenuisse
621 2034 784 2119 dicuntur,
811 2038 849 2099 ut
871 2056 941 2120 eos,
970 2035 1026 2122 qui
1049 2039 1155 2100 essent

152 2123 281 2206 adpulsi
297 2123 449 2208 navigiis,
471 2123 651 2189 interficere
669 2126 812 2207 possent,
835 2123 883 2188 sio
898 2124 969 2188 iste
990 2123 1027 2190 in
1049 2123 1154 2188 omnia
1204 2189 1215 2204 ,

151 2210 256 2274 maria
272 2210 411 2274 infestus
430 2232 469 2275 ex
487 2212 637 2278 omnibus
652 2209 781 2277 Siciliae
799 2211 949 2296 partibus
968 2211 1153 2278 inminebat.

152 2295 377 2382 Quaecumque
395 2298 488 2364 naris
508 2321 547 2364 ex
560 2298 650 2384 Asia,
674 2321 755 2383 quae
776 2320 815 2364 ex
833 2296 937 2384 Syria,
960 2322 1044 2384 quae
1062 2299 1154 2385 Tyro,

151 2408 234 2472 quae
259 2385 457 2453 Alexandria
487 2391 633 2472 venerat,
666 2387 779 2454 statim
811 2387 907 2452 certis
934 2387 1095 2454 indicibus
1121 2391 1188 2453 eta

152 2475 340 2542 custodibus
371 2477 556 2560 tenebatnr3
591 2479 736 2541 vectores
769 2497 881 2540 omnes
912 2475 948 2542 in
979 2475 1152 2542 lautumias

151 2563 401 2648 coniciebantur,
414 2585 511 2630 onera
522 2568 619 2648 atque
633 2584 754 2630 meroes
768 2563 802 2628 in
816 2563 1016 2648 praetoriam
1026 2565 1151 2630 domum

151 2651 386 2718 deferebantur.
426 2651 628 2718 Versabatur
654 2652 690 2716 in
716 2649 828 2718 Sicilia
850 2652 954 2737 'longo
980 2651 1150 2719 intervallo

151 2740 236 2805 alter
256 2761 322 2806 non
339 2740 515 2824 Dionysius
538 2740 595 2806 ille
616 2761 676 2806 nec
698 2739 850 2807 Phalaris
869 2739 966 2824 (tulit
988 2741 1074 2808 enim
1095 2737 1152 2805 illa

151 2829 314 2912 quondam
347 2828 455 2894 insula
488 2829 609 2894 multos
641 2831 674 2893 et
705 2828 844 2894 crudelis
876 2828 1063 2916 tyrannos),
1097 2827 1187 2892 seda

150 2917 313 3002 quoddam
329 2937 451 2982 norum
473 2920 656 2983 monstrum
679 2937 718 2982 ex
740 2919 849 2982 vetere
872 2916 932 2982 illa
953 2917 1151 2998 inmanitate,

98 3013 149 3066 146
170 3005 315 3089 quaein
341 3005 445 3070 isdem
471 3005 552 3070 locis
579 3008 711 3071 versata
733 3025 804 3070 esse
827 3004 945 3072 dicitur
967 3002 1048 3092 (non
1070 3003 1150 3070 enim

151 3089 349 3177 Charybdim
370 3097 439 3158 tam
461 3092 614 3158 infestam
636 3113 740 3177 neque
759 3090 903 3176 Scyllam
924 3094 1035 3159 nantis
1058 3113 1150 3178 quam

149 3179 250 3244 istum
273 3180 308 3246 in
330 3180 443 3247 eodem
464 3181 550 3246 freto
572 3180 672 3246 fuisse
696 3179 863 3268 arbitror),
885 3181 948 3248 boc
970 3181 1069 3247 etiam
1090 3181 1150 3246 iste

149 3266 312 3351 infestior,
348 3268 433 3351 quod
469 3269 574 3336 multo
609 3290 644 3334 ae
674 3269 822 3354 pluribus
855 3273 889 3333 et
919 3269 1183 3336 inmanioribuso

150 3351 284 3416 canibus
307 3355 517 3440 succinxerat,
541 3355 680 3442 Cyclops
704 3357 787 3422 alter
809 3357 913 3422 multo
936 3357 1148 3442 inportunior,

146 3437 202 3502 hio
220 3435 305 3498 enim
324 3441 429 3504 totam
447 3442 588 3509 insulam
611 3443 791 3527 obsidebat,
813 3444 870 3510 ille
884 3443 1026 3512 Aetnam
1049 3445 1148 3512 solam
