2402 3936
260 178 329 233 LlB.
347 179 374 234 Π
403 178 479 234 ΟΑΡ.
499 185 604 235 49-52
623 187 638 246 ξ
659 185 806 236 122-128.
971 183 1037 247 245

32 325 148 408 omnia,
166 323 329 388 neminem
341 323 407 388 isto
424 326 575 410 praetore
594 327 776 389 senatorem
794 325 866 390 fieri
882 327 1038 412 potuisse,

31 435 172 566 Ἥξει
195 411 795 585 idhmpeffiodeihlssdrhmstmtus,
827 501 1020 586 curationes,
1039 517 1090 568 las

33 587 226 672 sacerdotia3
239 588 356 672 quibus
364 588 400 652 in
408 589 505 652 rebus
516 609 583 653 non
595 589 700 653 solum
712 589 880 654 hominum
891 589 972 672 iura,
982 591 1039 655 sed

13 679 127 743 seuam
139 677 277 742 deorum
289 676 523 741 immortalium
537 677 712 762 religiones
723 699 834 743 omnes
847 677 1038 762 repudiavit

33 765 199 850 Syracusis
218 765 272 829 lex
290 768 341 829 est
359 764 398 828 de
415 764 583 850 religione,
606 766 741 849 quaein
764 787 866 832 annos
890 766 1038 853 singulos

33 855 114 920 lovis
137 853 343 919 sacerdotem
365 853 484 917 sortito
506 853 579 936 capi
601 853 721 938 iubeat,
745 855 831 938 quod
853 855 939 939 apud
960 855 1037 920 illos

33 941 268 1028 amplissimum
282 940 497 1006 sacerdotium
508 944 652 1024 putatur.
675 939 756 1007 (lum
770 941 938 1029 suffragiis
952 947 1019 1009 tres
1040 958 1089 1008 127

34 1053 65 1098 ex
101 1030 212 1094 tribus
249 1028 420 1116 generibus
452 1029 554 1095 creati
585 1033 675 1114 sunt,
710 1049 763 1095 res
794 1034 966 1096 revocatur
997 1033 1039 1097 ad

12 1123 161 1184 usonem.
211 1116 397 1183 Perfecerat
432 1117 496 1182 iste
531 1117 681 1202 imperio,
716 1121 754 1182 ut
789 1139 849 1202 pro
881 1119 1038 1205 suffragio

34 1207 280 1290 Theomnastus,
301 1204 474 1271 familiaris
493 1227 579 1290 suus,
603 1206 638 1271 in
655 1205 761 1271 tribus
784 1206 852 1270 illis
875 1207 1038 1272 renuntia-

34 1299 133 1378 retur3
162 1293 200 1360 in
226 1297 328 1378 sorte,
359 1293 411 1360 eui
436 1293 597 1377 imperare
623 1315 690 1359 non
716 1297 859 1379 poterat,
892 1300 1038 1379 expecta-

34 1383 110 1448 bant
127 1382 278 1448 homines
297 1382 449 1466 quidnam
468 1386 599 1448 aeturus
621 1386 717 1448 esset.
756 1382 874 1466 Homo,
896 1383 930 1447 id
953 1385 1039 1468 quod

36 1476 101 1536 erat
113 1470 318 1555 facillimum,
335 1471 440 1556 primo
455 1474 547 1536 vetat
561 1471 682 1555 sortiri,
698 1470 790 1536 iubet
806 1476 899 1536 extra
917 1476 1038 1539 sortem

11 1559 288 1625 erheomnastum
315 1559 502 1624 renuntiari.
547 1558 680 1646 Negant
705 1559 739 1623 id
762 1557 956 1645 Syracusani
980 1583 1038 1647 per

36 1648 206 1734 religiones
226 1668 392 1712 sacrorum
410 1648 478 1712 ullo
497 1648 594 1712 modo
611 1647 683 1712 fieri
700 1669 806 1733 posse,
828 1649 879 1714 faa
902 1649 1038 1733 denique

36 1741 153 1822 negant
172 1756 252 1800 essa.
282 1734 378 1801 Iubet
394 1735 458 1800 iste
477 1735 541 1800 sibi
558 1736 666 1821 legem
684 1735 824 1802 recitari.
855 1735 1039 1822 Recitatur3

36 1825 149 1909 inqua
174 1823 332 1909 scriptum
356 1828 439 1908 erat,
465 1827 516 1908 ut,
539 1827 619 1908 quot
642 1826 750 1888 essent
772 1824 963 1906 renuntiati,
986 1828 1039 1890 tot

37 1913 65 1977 in
82 1913 234 1998 hydriam
255 1916 359 1977 sortes
383 1912 617 1995 conicerentur3
640 1911 747 1976 cuium
768 1931 888 1975 nomen
911 1912 1039 1996 exisset,

10 2005 69 2065 sur
93 2001 122 2065 is
149 2001 288 2066 haberet
314 2001 347 2064 id
370 2000 594 2065 sacerdotium.
639 1998 708 2063 Iste
729 1998 827 2063 homo
850 1999 1039 2085 ingeniosus
1110 2059 1114 2063 .

39 2093 66 2152 et
90 2092 277 2173 peracutus:
304 2087 495 2174 ‘Optime',
520 2087 640 2172 inquit3
664 2087 812 2170 ‘nempe
834 2087 891 2152 ita
919 2089 1039 2172 scrip-

39 2181 110 2241 tum
141 2181 216 2242 est:
248 2173 346 2251 Quor
372 2193 587 2241 annuarum
613 2193 742 2242 annun.
788 2174 899 2250 ‘Quot
926 2177 1040 2263 ergo’,

39 2265 149 2350 inquit,
192 2264 298 2328 ‘sunt
337 2263 591 2329 renuntiatit'
647 2264 870 2348 Respondent:
908 2263 1038 2330 ‘Tres'

40 2351 237 2437 ‘Numquid
250 2352 374 2439 igitur
388 2355 547 2436 oportet
560 2352 639 2416 nisi
656 2355 737 2417 tres
757 2355 883 2416 sortes
902 2353 1040 2438 conici,

11 2453 143 2506 aunam
161 2440 305 2506 educi?
342 2438 487 2504 ‘Nihil'
528 2438 640 2505 Conioi
658 2440 749 2504 iubet
765 2443 842 2523 tres,
864 2439 899 2504 in
922 2441 1039 2524 quibus

41 2529 183 2594 omnibns
217 2532 304 2593 esset
337 2528 529 2612 inscriptum
561 2549 680 2592 nomen
711 2527 931 2594 Theomnasti
985 2528 1040 2593 Fit

42 2616 155 2682 clamor
182 2613 357 2700 maximus,
384 2638 456 2682 curn
482 2615 518 2680 id
543 2615 703 2680 universis
729 2615 899 2702 indignum
927 2638 965 2682 ac
985 2636 1039 2679 ne

41 2703 151 2770 fanum
186 2705 359 2770 videretur.
408 2703 461 2768 Ita
490 2702 578 2768 Iovis
611 2703 694 2768 illud
726 2705 942 2770 sacerdotium
974 2724 1040 2768 arn·

42 2792 219 2874 plissimum
241 2813 299 2878 per
321 2792 405 2857 hanc
427 2792 587 2857 rationem
611 2790 830 2858 Theomnasto
854 2792 959 2856 datur.
1048 2849 1092 2912 52

11 2889 32 2932 Ν
100 2880 297 2966 Cephaloedi
324 2879 444 2946 mensis
472 2885 522 2945 est
548 2883 668 2964 certus,
695 2903 759 2966 quo
786 2900 896 2944 mense
919 2897 1092 2974 sacer-1²8

43 2967 143 3035 dotem
171 2969 348 3034 marimum
375 2969 478 3034 creari
505 2971 663 3051 oporteat.
707 2967 791 3033 Erat
813 2966 881 3030 eius
903 2966 1039 3030 honoris

44 3058 168 3140 cupidus
182 3057 319 3122 Artemo
337 3056 478 3142 quidam,
501 3055 696 3121 Climachias
719 3053 919 3141 cognomine,
941 3053 1039 3138 homo

45 3165 113 3210 sane
129 3146 275 3230 locuples
294 3148 327 3210 et
346 3144 434 3209 domi
450 3144 580 3210 nobilis.
616 3141 679 3208 Sed
697 3144 726 3206 is
744 3142 815 3206 fieri
832 3142 924 3207 nullo
943 3142 1039 3208 modo

44 3237 178 3318 poterat,
209 3234 238 3299 si
264 3233 450 3298 Herodotus
477 3232 609 3316 quidam
636 3231 777 3316 adesset3
808 3229 838 3310 ei
866 3230 956 3295 locus
983 3230 1040 3294 ille

14 3329 34 3370 ὅ
47 3324 133 3406 atque
151 3322 255 3387 honos
273 3322 309 3386 in
330 3321 425 3386 illum
449 3341 569 3386 annum
591 3320 640 3384 ita
662 3317 772 3384 debari
794 3317 981 3402 putabatur,
1003 3321 1041 3382 ut

46 3427 80 3472 ne
100 3409 295 3476 Climachias
323 3407 453 3494 quidem
478 3411 592 3474 contra
614 3406 743 3473 diceret.
787 3405 854 3472 Res
877 3406 919 3471 ad
940 3406 1041 3472 istum

48 3493 179 3564 defertur
196 3503 230 3564 et
247 3497 344 3565 istius
362 3518 452 3563 more
471 3495 642 3580 deciditur3
664 3498 849 3561 toreumata
867 3515 943 3560 sane
961 3498 1041 3559 nota
