2386 3938
355 155 432 211 oAP.
452 161 556 212 rr-re
575 161 589 222 ς
607 161 721 212 ec-ca.
972 154 1035 219 117

59 299 192 384 plurimas
209 321 229 365 a
245 301 395 386 praetore
413 302 470 364 tuo
488 299 624 364 iniurias
642 298 830 383 accepisses,
852 302 962 364 tamen
981 321 1035 365 eas

58 385 167 454 ferendo
191 387 347 453 maiorem
373 387 502 453 laudem
530 410 629 472 quam
654 386 838 453 ulciscendo
863 409 1037 472 mererer03

59 498 115 541 cun
126 497 196 542 vero
208 477 335 542 nullum
350 475 440 541 illius
459 476 495 541 in
511 476 580 542 vita
599 476 717 540 rectius
735 474 856 541 factum
877 475 921 539 rit
939 498 1035 559 quam

58 563 89 648 id,
103 564 179 648 quod
192 567 230 630 tu
242 564 396 630 iniuriam
410 564 566 649 appellas,
583 563 619 631 hi
633 566 780 629 statuent
793 564 877 629 hanc
895 585 1035 646 causam,

33 665 135 735 tquam
157 674 196 718 ne
222 653 259 718 in
281 652 347 718 alio
370 651 499 737 quidem
521 652 707 736 probarent,
738 651 774 716 iu
795 655 829 716 te
850 652 973 718 iustam
995 651 1037 716 ad

57 740 301 806 uecessitudinem
336 740 522 806 violandam
557 739 681 805 videri?
718 739 774 824 qui
810 739 839 804 si
875 761 1036 806 summam

57 827 182 894 iniuriam
210 829 251 894 ab
279 828 339 894 illo
364 827 530 914 accepisti,
556 831 679 911 tamen,
707 829 860 912 quoniam
883 832 1036 913 quaestor

58 915 107 980 eius
133 915 238 1001 fuisti,
269 937 335 982 nou
365 919 460 1001 potes
492 937 564 981 oum
597 916 667 981 sine
697 917 767 981 nlla
796 917 1035 1002 vituperatione

57 1025 194 1089 anusare3
216 1004 246 1070 si
269 1025 346 1070 vero
367 1025 435 1070 non
455 1004 525 1069 ulla
546 1003 610 1068 tibi
631 1003 720 1070 facta
742 1010 792 1071 est
814 1005 942 1088 iniuria,
966 1005 1035 1071 sine

34 1093 243 1159 catumeum
263 1113 413 1159 accusare
430 1113 497 1158 uon
514 1096 618 1177 potes.
654 1090 760 1167 Quare
781 1114 854 1158 cum
875 1092 1036 1158 incertum

58 1179 89 1242 sit
105 1179 136 1244 de
156 1181 289 1266 iniuria,
313 1201 506 1265 quemquam
527 1180 645 1246 horum
669 1201 738 1246 esse
760 1184 870 1265 putas,
893 1181 1037 1265 quinon

57 1267 129 1332 notit
139 1272 171 1334 te
184 1270 256 1336 sine
269 1268 508 1354 uituperatione
522 1289 619 1354 quarn
632 1291 705 1334 oum
719 1268 839 1334 scelere
853 1267 1035 1334 discedere?

105 1356 146 1422 Ac
170 1357 257 1442 vide,
285 1357 363 1443 quid
390 1357 518 1422 differat
543 1357 630 1422 inter
655 1377 761 1423 meam
789 1356 973 1442 opinionem
999 1379 1036 1423 ao
1046 1329 1088 1456 13

58 1445 133 1508 tuan.
174 1443 223 1511 Tu
251 1467 325 1512 oum
352 1445 501 1512 omnibus
524 1445 622 1511 rebus
643 1444 778 1511 inferior
800 1445 862 1529 sis,
888 1445 950 1511 heo
972 1467 1037 1511 una

36 1528 83 1592 uin
95 1552 124 1596 re
139 1536 169 1598 te
189 1533 274 1600 mihi
297 1532 450 1599 anteferri
471 1537 569 1619 putas
593 1537 752 1618 oportere,
775 1533 861 1618 quod
884 1537 1037 1619 quaestor

60 1617 125 1686 illius
140 1620 257 1706 tireris3
279 1642 350 1707 ogo,
373 1622 402 1687 si
421 1621 567 1708 superior
586 1622 700 1688 ceteris
717 1622 815 1687 rebus
834 1642 931 1706 esses,
952 1622 1037 1688 hauc

60 1726 133 1772 unam
161 1710 203 1775 ob
231 1731 365 1776 musam
390 1714 423 1775 te
451 1713 672 1776 mcusatorem
698 1710 862 1796 repudiari
888 1713 1036 1794 putarem

60 1799 189 1877 oportere.
211 1797 267 1864 Sic
281 1798 366 1864 enim
379 1820 400 1864 a
413 1798 591 1865 maioribus
606 1797 730 1863 nostris
744 1798 933 1882 necopinus,
947 1817 1037 1880 prae

59 1883 139 1950 torem
151 1886 317 1970 quaestori
331 1907 389 1952 suo
403 1886 548 1971 parentis
563 1888 635 1952 loco
650 1907 721 1951 esse
735 1888 899 1970 oporter03
911 1885 1037 1950 nullam

37 1979 138 2054 tneque
165 1973 336 2041 iustiorem
365 1995 469 2059 neque
497 1974 678 2062 graviorem
707 1994 838 2041 causam
864 1972 1004 2038 necessit
1026 2007 1038 2020 ·

61 2055 121 2123 diuis
136 2083 230 2146 posse
249 2062 384 2147 reperiri
407 2073 507 2146 quam'
528 2062 786 2128 coniunctionem
809 2060 917 2145 sortis,
940 2081 1038 2145 quam

60 2148 230 2236 provinciae,
252 2173 350 2236 quam
372 2149 486 2235 officii,
508 2173 607 2235 quam
629 2149 753 2236 publici
775 2149 917 2215 muneris
940 2149 1038 2214 socie

60 2234 145 2303 teteun
187 2237 293 2316 Quam
319 2238 361 2304 ob
389 2260 458 2304 rem
487 2238 515 2303 si
541 2239 612 2304 iure
638 2259 752 2323 posses
779 2259 852 2303 eum
878 2250 1090 2320 accusarant

59 2321 157 2410 tanen,
188 2347 261 2394 cum
287 2326 316 2392 is
343 2325 407 2392 tibi
432 2326 578 2412 parentis
603 2347 738 2391 numero
765 2325 895 2410 fuisset,
924 2326 959 2391 id
985 2326 1038 2412 pie

37 2405 140 2476 tfaetere
155 2435 220 2479 ncn
241 2435 369 2499 posses,
391 2435 463 2481 cum
482 2436 558 2480 vero
576 2436 680 2498 neque
702 2414 854 2480 iniuriam
877 2413 1038 2500 acceperis

61 2498 83 2557 tt
103 2502 238 2581 praetori
264 2506 322 2570 tuo
349 2502 529 2588 periculum
552 2524 653 2586 crees,
679 2501 813 2568 fatearis
834 2523 965 2569 neeesse
989 2506 1039 2567 est

61 2585 83 2645 tt
110 2587 154 2652 illi
187 2590 346 2656 iniustum
380 2590 578 2676 impiumque
614 2590 737 2656 bellum
767 2590 887 2657 inferre
919 2590 1038 2656 conari.

60 2665 163 2742 Etenim
189 2678 256 2744 ista
283 2682 459 2763 quaestura
486 2678 527 2744 ad
554 2699 627 2744 eam
653 2699 722 2744 rem
744 2678 845 2757 valet,
871 2682 909 2744 ut
932 2677 1039 2743 elabo-

61 2761 169 2830 undum
194 2766 258 2831 tibi
284 2766 320 2832 in
346 2767 472 2834 ratione
498 2765 661 2833 reddenda
688 2767 745 2851 sit,
772 2788 870 2851 quarn
896 2766 1040 2849 obrem,

38 2848 100 2926 ”tui
112 2859 256 2934 quaestor
269 2854 338 2920 eiua
356 2854 467 2938 fureris,
485 2875 624 2939 amoses,
641 2875 709 2920 non
725 2860 764 2920 ut
782 2855 824 2919 ob
843 2875 915 2919 earn
933 2852 1039 2937 ipsam

62 2951 164 3006 etnam
180 2942 412 3028 postulandum
435 2942 488 3025 sit,
510 2946 548 3008 ut
565 2943 628 3008 tibi
645 2942 852 3028 potissimum
875 2940 1039 3006 accusatio

61 3018 139 3090 detur,
175 3030 289 3115 Neque
307 3029 376 3096 fere
394 3052 547 3115 umquam
565 3031 656 3096 vonit
676 3031 712 3096 in
735 3028 977 3095 contentionem
1000 3029 1039 3093 de

62 3117 225 3203 ncusaudo,
261 3119 318 3203 qui
349 3123 503 3203 quaestor
533 3117 664 3202 fuisset,
696 3116 775 3202 quin
806 3115 1039 3203 repudiaretur.

62 3191 150 3284 ltaque
174 3227 277 3292 neque
300 3205 336 3274 L.
353 3205 486 3273 Philoni
511 3207 548 3272 iu
570 3205 605 3272 Ο.
624 3205 798 3274 Servilium
821 3205 962 3271 nominis
986 3204 1039 3270 de·
1057 3215 1091 3264 63

41 3280 158 3356 streuui
177 3298 323 3380 potestas
348 3299 398 3360 ost
420 3295 498 3360 data
519 3316 624 3380 noque
645 3293 689 3359 M.
708 3292 843 3360 Aurelio
862 3291 981 3360 Scauro
1004 3292 1040 3357 iu

63 3365 86 3434 L·
100 3373 236 3450 tintcum
258 3405 363 3468 neque
386 3381 443 3450 On
462 3381 617 3468 Pompeio
640 3382 676 3448 in
698 3379 733 3446 Τ.
750 3380 940 3466 Albucium
963 3401 1039 3465 quo-

64 3476 115 3530 rnm
136 3489 225 3538 nemo
252 3475 388 3557 propter
414 3470 644 3556 indignitatem
672 3468 859 3555 repudiatus
888 3473 951 3550 est,
982 3466 1039 3532 sed
