2404 3928
157 168 224 234 362
463 164 503 219 ΙΝ
522 164 550 219 C.
566 163 721 218 VERREM
738 163 817 220 Aer.
836 164 869 220 Il.

158 311 235 395 fuit,
263 309 445 396 imperavit.
492 307 659 374 Summam
687 308 807 374 laetam
836 307 929 374 vobis
959 330 996 372 ex
1023 307 1139 393 publicis

158 399 279 466 litteris
312 421 348 466 ao
381 397 575 464 testimoniis
607 397 775 463 eivitatum
806 395 962 462 frumenti
987 396 1021 461 in
1045 397 1141 462 oollam

158 488 323 574 imperati3
346 487 513 571 reperietis
533 485 724 570 quinquiens
747 489 851 570 tanto,
873 484 1002 569 iudioes,
1024 485 1142 569 amplius

158 577 272 661 istum,
304 598 402 660 quam
433 579 590 661 quantum
622 575 656 640 in
688 573 805 639 oollam
832 595 957 639 sumere
984 573 1014 638 ei
1038 573 1143 638 lieitun

160 666 212 750 sit,
235 665 421 732 civitatibus
444 665 629 748 imperasse.
666 661 750 738 Quid
772 662 815 727 ad
836 662 920 728 hano
942 661 1164 746 inpudentianr

159 754 234 820 addi
256 755 379 837 potest,
406 751 434 815 si
457 756 490 816 et
513 751 708 816 aestumavit
730 751 831 835 tanti,
853 755 890 816 nt
912 751 1058 816 homines
1078 749 1145 814 ferre

157 864 224 906 non
250 843 396 925 possent,
424 843 457 905 et
480 844 574 905 tanto
596 840 683 925 plus,
711 861 809 923 quam
833 841 905 904 erat
927 839 957 904 ei
980 859 1145 905 conoessum

158 929 300 1014 legibus,
322 929 517 1012 imperavit?

106 1023 157 1072 226
226 1017 430 1103 Quapropter
462 1017 593 1104 cognita
620 1038 655 1081 ne
682 1020 754 1082 tota
779 1015 1006 1100 frumentaria,
1037 1016 1147 1096 iudices,

158 1107 225 1172 iam
242 1106 398 1172 facillime
415 1106 597 1191 perspicere
615 1105 765 1190 poteritis
785 1105 939 1170 amissam
957 1125 1029 1170 esse
1045 1103 1175 1190 populeo

159 1194 307 1261 Romano
331 1193 488 1279 Siciliam,
516 1193 810 1258 fructuosissimam
833 1196 931 1276 atque
954 1191 1150 1278 oportunissi-

159 1306 246 1348 mam
268 1283 481 1368 provinciam,
509 1281 573 1346 nisi
597 1303 667 1346 eam
690 1302 748 1346 vos
770 1281 867 1346 istius
890 1281 1094 1346 damnatione
1113 1300 1150 1342 re

158 1371 330 1455 ouperatis.
372 1371 455 1448 Quid
487 1374 536 1435 est
566 1370 652 1434 enim
680 1367 803 1453 Sicilia,
836 1369 865 1434 si
892 1369 965 1456 agri
992 1369 1150 1435 cultionem

159 1459 328 1533 sustuleris
357 1462 390 1523 et
417 1459 446 1524 si
473 1462 639 1524 aratorum
665 1479 835 1523 numerum
863 1479 900 1522 ao
923 1479 1044 1523 nomen
1064 1456 1151 1522 extin-

158 1547 265 1612 xeris?
308 1545 391 1622 Quid
414 1550 523 1613 autem
544 1550 654 1631 potest
677 1567 746 1610 esse
769 1545 804 1611 in
828 1545 1016 1612 calamitate
1039 1543 1179 1626 residuis

157 1635 244 1719 quod
261 1654 328 1699 non
351 1635 392 1699 ad
415 1636 550 1701 miseros
574 1638 718 1700 aratores
740 1633 805 1698 isto
829 1638 980 1719 praetore
1002 1656 1061 1720 per
1081 1654 1151 1699 sum-

157 1746 246 1788 mam
259 1723 412 1789 iniuriam
425 1723 700 1810 ignominiamque
718 1722 925 1806 pervenerit?
950 1723 1075 1806 quibus,
1091 1741 1152 1786 eun

158 1813 309 1878 decumas
342 1814 418 1878 dare
450 1812 616 1895 deberent,
653 1811 706 1876 vir
737 1809 817 1894 ipsis
851 1810 1003 1877 decumae
1035 1810 1152 1876 relictae

157 1904 247 1984 supt,
279 1923 352 1966 oum
383 1901 519 1985 pecunia
551 1899 733 1984 deberetur,
765 1898 875 1964 soluta
903 1920 971 1964 non
999 1903 1063 1982 est,
1092 1917 1152 1962 oum

158 1989 284 2073 optimq
302 1989 529 2054 aestimatione
547 1991 678 2054 senatus
697 1987 897 2052 frumentum
916 2008 972 2052 eos
992 1987 1028 2052 in
1050 1986 1181 2051 oollama

105 2127 147 2190 98
158 2077 234 2141 dare
266 2076 436 2170 voluisset,
469 2075 567 2140 etiam
598 2075 815 2140 instrumenta
844 2096 999 2161 agrorum
1029 2073 1152 2140 vendere

104 2196 163 2254 22⁷-
176 2163 392 2245 ooaotijsunt.
436 2161 512 2226 Dixi
538 2161 605 2226 iam
632 2167 723 2247 ante,
748 2163 883 2249 iudioes,
910 2167 948 2228 ut
970 2163 1031 2228 hae
1054 2180 1152 2228 omnes

99 2315 101 2319 .
157 2249 293 2330 iniurias·
324 2249 465 2333 tollatis,
496 2253 608 2314 tamen
637 2250 743 2336 ipsam
774 2252 936 2316 rationem
965 2251 1079 2316 arandi
1106 2269 1152 2332 epe

114 2387 117 2392 .
157 2337 311 2426 magistet
324 2337 524 2403 iucunditate
538 2337 677 2423 quadam
691 2360 788 2423 quam
802 2339 910 2405 fruotu
927 2343 1026 2424 atque
1044 2337 1153 2404 emolu·

158 2426 398 2492 mento'teneri.
434 2425 566 2492 Etenim
585 2426 626 2492 ad
642 2427 802 2494 incertum
825 2449 936 2494 oaeum
958 2432 995 2500 et¹
1014 2431 1180 2494 eventumu

158 2519 264 2582 certus
289 2515 463 2600 quotannis
486 2515 580 2581 labor
603 2519 636 2581 et
658 2519 764 2581 oertus
787 2520 937 2601 sumptus
960 2515 1152 2602 impenditur.

158 2606 298 2669 Annona
329 2625 426 2686 porro
458 2603 598 2688 pretium
629 2603 692 2668 nisi
721 2603 756 2668 in'
785 2604 972 2671 calamitate
1000 2603 1152 2670 fruetuum

157 2715 225 2757 non
241 2692 355 2776 habet3
379 2692 407 2756 si
426 2695 535 2758 autem
554 2692 685 2758 ubertas
708 2691 743 2756 in
764 2692 983 2777 percipiundis
1005 2692 1152 2759 fructibus

157 2781 233 2864 fuit,
264 2780 473 2864 consequitur
503 2780 612 2845 vilitas
643 2780 678 2844 in
709 2779 900 2865 vendundis,
932 2784 970 2847 ut
997 2785 1054 2847 aut
1079 2777 1152 2846 male

157 2868 359 2934 vendendum
390 2868 576 2955 intellegas,
613 2867 642 2932 si
672 2868 754 2933 bene
785 2869 971 2953 prooessit,
992 2872 1049 2934 ant
1079 2865 1182 2933 maleo

157 2961 328 3042 perceptos
346 2956 480 3040 fructus,
503 2957 635 3021 sirecte
654 2955 730 3021 lieet
748 2956 893 3022 vendere.
930 2957 1034 3023 Totae
1057 2959 1152 3024 autem

158 3065 210 3108 res
237 3045 377 3110 rusticae
403 3045 472 3110 eius
500 3044 588 3109 modi
610 3047 699 3128 sunt,
727 3047 765 3108 nt
787 3065 842 3108 eas
865 3066 932 3111 non
953 3046 1152 3127 rationeque

157 3130 264 3214 labor,
301 3134 357 3198 sed
393 3154 444 3198 res
477 3131 724 3217 ineertiasimae,
760 3133 850 3197 venti
880 3136 1152 3219 tempestatesque,

158 3217 373 3284 moderentur.
422 3219 507 3286 Hine
539 3241 612 3286 eum
640 3242 722 3286 unas
752 3219 904 3286 deeumae
931 3222 1005 3308 lege
1032 3226 1066 3286 et
1090 3241 1153 3286 oon·

159 3304 326 3369 suetudine
346 3306 566 3391 detrahantur,
590 3307 711 3373 alterae
731 3307 824 3373 novis
847 3309 1009 3376 institutis
1031 3312 1180 3395 proptera

159 3407 304 3450 annonae
332 3393 491 3459 rationem
518 3395 730 3478 imperentur,
758 3399 884 3462 ematur
910 3402 1077 3481 praeterea
1096 3394 1151 3458 fru-

159 3475 303 3534 mentum
324 3479 497 3555 quotannis
519 3482 657 3566 publioe,
680 3486 846 3567 postremo
869 3485 969 3550 etiam
991 3485 1027 3550 in
1047 3484 1151 3550 oellam
