2404 3928
153 153 218 219 376
452 151 492 206 ΙΝ
510 151 538 205 c.
552 149 708 205 menen
726 149 804 204 scr.
824 150 858 204 Π.

98 268 144 395 ἐξ
218 295 341 362 Verum
372 295 554 361 mehercule
585 295 661 378 hoc,
696 294 832 378 iudices,
865 293 978 360 dicam
1025 292 1145 358 Memini

152 384 360 470 Pamphilum
377 383 633 468 Lilybaetanum,
653 383 792 448 amicum
810 387 844 446 et
861 382 1024 467 hospitem
1042 403 1147 463 meum,

152 473 297 539 nobilem
328 473 507 555 hominem,
538 471 619 535 mihi
650 491 796 553 narrare,
827 491 901 535 cum
931 470 993 534 iste
1025 470 1067 534 ab
1089 491 1149 533 sese

153 561 303 646 hydriam
316 559 435 626 Boethi
449 559 681 624 manufactam
695 559 863 644 praeclaro
880 579 976 642 opere
994 563 1028 624 et
1047 557 1151 643 grandi

153 649 295 735 pondere
324 669 381 732 per
407 649 603 732 potestatem
631 647 834 730 abstulisset,
865 668 901 711 se
929 667 1007 712 sana
1034 646 1189 710 tristent

155 741 188 802 st
201 737 430 838 conturhatum
444 735 576 800 domum
593 735 776 818 revertisse,
797 734 885 818 quod
901 733 1048 836 vaseius
1066 733 1153 814 modi

155 824 376 978 ltltlltt
391 823 784 994 ἓῗῖῗίἕθεῗοῗὲἒὲξζῗὲ
804 822 1154 994 illistffitlndss

155 1023 174 1066 a
197 1022 232 1065 se
255 1003 342 1066 esset
364 1000 521 1065 oblatum.
557 997 665 1064 ‘Cum
688 997 884 1083 sederem',
906 999 1028 1083 inquit,
1052 996 1153 1062 ‘doni
1189 984 1190 1076 t

153 1089 300 1172 tristis,
337 1088 508 1154 accurrit
535 1085 739 1170 Venerius3
769 1087 877 1152 iubet
910 1108 967 1152 me
1001 1086 1190 1171 scyphosu'

155 1177 359 1264 sigillatos
388 1176 433 1241 ad
459 1179 679 1261 praetorem
706 1175 842 1240 statim
869 1174 1034 1240 adferre
1079 1174 1156 1238 Per·

102 1268 110 1276 “
155 1269 281 1331 motus
296 1263 403 1349 sum',
416 1264 536 1348 inquit;
550 1263 677 1328 ‘binos
691 1263 892 1347 habebam3
910 1263 1027 1328 iubeo
1041 1261 1156 1347 promi

155 1357 354 1437 utrosque,
391 1374 436 1417 ne
473 1351 562 1436 quid
597 1351 685 1436 plus
722 1351 813 1416 mali
848 1355 1093 1433 nasceretur,
1126 1351 1157 1411 et

155 1461 297 1506 mecum
334 1440 379 1505 ad
416 1439 612 1523 praetoris
649 1439 796 1504 domum
831 1438 937 1503 ferri.
991 1438 1049 1504 Eo
1085 1458 1156 1502 curn
1190 1472 1191 1534 y

154 1527 280 1612 venio,
316 1531 475 1612 praetor
507 1527 745 1616 quiescebat3
779 1526 925 1592 iratres
957 1527 1024 1591 illi
1056 1526 1191 1607 Ciby-s*

155 1618 263 1680 ratae
304 1615 609 1681 inambulabunt.
663 1614 736 1692 oui
771 1637 827 1680 me
863 1615 929 1680 ubi
968 1615 1155 1680 viderunt:

156 1702 259 1768 “Ubi
296 1708 398 1788 sunt,
438 1701 676 1788 Pamphile'',
715 1703 910 1787 inquiunt,
952 1698 1155 1788 “scyphil’'

156 1791 327 1857 Ostende
368 1791 512 1876 tristis3
553 1791 721 1856 laudant.
774 1790 923 1874 Incipio
962 1792 1076 1876 queri
1109 1809 1155 1853 me

154 1881 255 1946 nihil
279 1880 515 1964 habiturum,
539 1878 638 1963 quod
661 1878 826 1944 alicuius
849 1883 955 1944 esset
976 1878 1109 1965 pretii,
1128 1875 1156 1940 si

156 1969 272 2034 etiarn
300 1969 434 2053 scyphi
461 1971 591 2032 essent
619 1967 750 2033 ablati.
796 1967 888 2031 Tum
915 1967 994 2052 illi,
1022 1968 1089 2032 ubi
1108 1962 1192 2048 mest

156 2052 429 2121 conturbatum
456 2055 602 2121 vident:
630 2053 751 2131 “Quid
775 2053 833 2119 vis
855 2056 970 2120 nobis
994 2055 1098 2136 darc,
1120 2055 1156 2117 ut

155 2143 226 2207 isti
252 2142 320 2207 abs
348 2147 386 2206 tc
410 2165 456 2207 ne
479 2141 752 2221 auferantur?''
796 2141 851 2208 Ne
875 2145 1012 2228 multa,
1039 2143 1101 2210 HS
1121 2161 1153 2202 ω

155 2228 237 2313 me',
274 2229 394 2312 inquit,
436 2229 728 2314 ‘poposcerunt3
769 2230 847 2295 dixi
883 2253 941 2297 me
978 2232 1154 2297 daturum

154 2316 278 2382 Vocat
309 2317 462 2382 interea
492 2322 662 2402 praetor,
693 2319 822 2403 poscit
847 2319 1036 2402 scyphos'
1084 2319 1155 2383 'lun

155 2405 232 2470 illos
268 2405 413 2491 coepisse
448 2406 592 2491 praetori
628 2406 731 2472 dicere
763 2413 896 2492 putasse
928 2429 977 2490 se,
1013 2409 1049 2473 id
1081 2403 1182 2493 quode

157 2494 332 2580 audissent,
346 2494 481 2560 alicuius
495 2494 594 2579 pretii
607 2493 746 2579 scyphos
761 2516 831 2560 esse
844 2494 1026 2580 Pamphili3
1042 2497 1155 2562 luteum

155 2583 324 2736 lttlltm
337 2603 417 2734 tt
435 2603 501 2735 tt
514 2582 1154 2738 isindhldiltdwltghtmvffii

156 2760 297 2844 scyphos
320 2758 462 2843 optimos
486 2757 601 2823 aufert.
866 2819 873 2832 ,
1056 2695 1079 2757 P

100 2849 138 2898 33
222 2847 267 2912 Et
291 2847 474 2912 mehercule
497 2867 558 2932 ego
581 2849 690 2930 antee,
716 2847 850 2911 tametsi
872 2847 935 2914 hoc
956 2849 1067 2914 nescio
1090 2843 1182 2933 quida

155 2935 365 3022 nugatorium
388 2934 529 3000 sciebam
551 2955 634 3018 esse,
661 2934 726 2998 ista
747 2934 951 3021 intellegere,
973 2940 1088 3002 temen
1109 2934 1155 3000 ni·

156 3023 223 3087 rari
242 3023 388 3088 solebam
406 3023 506 3088 istum
523 3022 558 3086 in
575 3022 627 3086 his
645 3022 726 3108 ipsis
749 3023 845 3088 rebus
869 3023 1012 3108 aliquem
1035 3043 1155 3089 sensnm

155 3107 285 3194 habere,
308 3133 404 3194 quern
422 3111 538 3176 scirem
555 3111 648 3174 nulla
669 3110 705 3174 in
726 3131 761 3175 re
785 3111 957 3196 quicquam
980 3112 1089 3177 simile
1110 3113 1155 3176 hc

103 3191 147 3256 15
156 3196 253 3261 minis
284 3197 413 3264 habere.
463 3197 547 3262 Tum
577 3197 719 3281 primum
749 3198 897 3264 intellexi
927 3199 969 3265 ad
996 3221 1071 3265 eam
1097 3219 1155 3264 ren

154 3282 237 3346 istos
255 3282 374 3348 fratres
391 3285 562 3370 Cibyratas
581 3285 691 3369 fuisse,
712 3290 750 3350 ut
767 3287 829 3352 istc
846 3287 882 3352 in
903 3288 1041 3374 limando
1066 3286 1182 3354 muni-³⁵

154 3368 216 3431 bus
247 3369 328 3451 suis,
360 3373 462 3436 oculis
488 3373 622 3438 illorum
648 3378 803 3440 uteretur.
852 3374 899 3440 At
925 3376 974 3441 ita
1001 3377 1153 3442 studiosus

154 3457 206 3516 est
219 3451 315 3516 huius
333 3459 520 3535 praeclarae
538 3461 800 3548 existimationis,
818 3467 855 3528 ut
873 3467 1007 3549 putetur
1025 3464 1061 3529 in
1078 3463 1154 3530 hisce
