2414 3936
149 182 214 247 154
449 180 489 234 IN
508 180 537 236 Ο.
550 179 705 235 VERREM
723 179 804 272 ΑΟΤ.
823 181 857 235 11.

148 331 200 392 est
221 325 365 392 rationes
387 324 529 410 referre?
554 325 616 390 hoc
639 325 734 391 modo
759 330 815 390 snt
828 341 901 412 'ego
924 328 982 390 cut
1005 328 1051 406 tu,
1072 323 1146 391 Hor·
1199 391 1200 398 χ

147 414 243 499 tensi,
265 417 321 479 cut
345 413 516 498 quisquam
539 411 689 478 omnium
705 413 858 479 rettulit?
891 411 975 488 Quid
998 413 1061 479 hoo
1084 413 1145 478 est?

148 524 230 586 quac
257 501 471 587 impudentis,
499 521 580 584 quse
608 501 764 566 eudocia?
801 501 888 586 quod
910 501 1096 586 exemplum
1115 521 1147 564 ex

147 594 199 656 tot
212 590 380 656 hominum
397 589 579 655 rationibus
597 589 710 654 relatis
729 589 862 655 huiusce
882 587 972 655 modi
990 590 1062 654 est?
1094 589 1149 652 Ille

147 683 258 744 tomen
280 675 337 742 HS
365 680 511 742 sescenta
538 677 643 761 milio,
670 699 752 762 quse
776 698 818 743 ne
839 677 926 742 falso
949 677 1081 761 quidem
1102 693 1168 762 pos
1200 685 1201 764 j

147 767 212 832 tuit
239 765 356 850 quibus
384 765 461 830 dcte
488 769 597 830 essent
623 764 816 850 describere,
848 786 931 850 quse
958 785 994 829 se
1017 764 1150 830 Arimini
1200 765 1201 832 i

148 853 263 919 scribit
280 853 458 938 reliquisse,
481 853 654 938 quaeipsis
671 851 728 918 HS
747 856 894 918 sescento
917 852 1009 918 milis
1032 853 1149 937 relique

147 941 236 1006 fecta
272 944 362 1026 sunt,
395 961 500 1025 neque
532 939 639 1007 Gerbo
672 941 787 1027 attigit
818 955 921 1025 neque
953 938 1045 1006 Sulla
1077 941 1150 1006 vidit

145 1050 251 1114 neque
277 1030 313 1094 in
339 1029 500 1095 ceramum
524 1029 630 1094 relate
653 1032 738 1094 sunt.
783 1029 946 1114 Oppidum
970 1029 1035 1093 sibi
1058 1029 1150 1115 elegit

146 1117 346 1203 Ariminum,
378 1117 465 1203 quod
494 1120 578 1200 tum,
611 1138 683 1182 cum
714 1117 778 1182 iste
803 1117 952 1182 -rctiones
984 1116 1149 1198 referebat,
1159 1133 1177 1172 ¹⁰

147 1227 337 1290 oppressum
351 1206 576 1291 direptumque
590 1208 674 1288 erst3
687 1225 754 1270 non
768 1206 1004 1290 suspicabatur,
1023 1204 1057 1269 id
1072 1203 1150 1290 quod

146 1315 232 1360 nunc
260 1294 392 1378 sentiet,
421 1293 501 1358 sctis
528 1293 650 1358 multos
677 1313 716 1357 sx
742 1293 803 1358 illc
825 1293 1014 1358 calamitate
1038 1292 1149 1358 Arimi·

95 1394 129 1446 37
147 1383 297 1447 nensium
315 1386 416 1447 testes
436 1381 531 1446 nobis
553 1381 588 1444 in
610 1381 694 1446 hanc
716 1402 785 1446 rem
808 1381 952 1465 reliquos
976 1401 1056 1446 esse.
1097 1381 1150 1446 Rc-

148 1471 213 1535 cite
245 1471 358 1535 denuc.
406 1467 440 1534 P.
463 1467 631 1535 Leucono
658 1467 694 1533 L.
717 1467 865 1535 Temno
894 1485 1148 1548 oosnsrosmus

147 1574 296 1623 osonum
314 1573 379 1622 uns
398 1559 580 1622 neruorum
602 1573 822 1622 munorum.
862 1556 986 1622 Recito.
1026 1555 1081 1624 Ex
1099 1555 1178 1622 Sic-1⁵

147 1661 260 1710 nonus
293 1661 483 1711 consumo·
532 1643 580 1710 Ut
612 1644 677 1710 'hoc
710 1649 806 1728 pecto
840 1645 1002 1710 rationem
1036 1645 1149 1710 referre

147 1733 272 1818 liceret,
295 1754 333 1798 eo
357 1731 510 1799 Sullanus
532 1736 665 1816 repente
687 1732 793 1800 fectus
817 1737 880 1817 est,
902 1753 970 1798 non
991 1736 1030 1797 ut
1052 1729 1149 1799 honos
1202 1745 1203 1778 ὲ

149 1826 182 1886 et
206 1822 347 1908 dignitas
370 1821 538 1887 nobilitati
560 1822 795 1886 restitueretur.

215 1909 337 1986 Quodsi
368 1910 460 1976 illino
489 1909 594 1974 inenis
622 1908 836 1996 profugisses,
867 1913 979 1974 tamen
1005 1909 1072 1974 istc
1098 1914 1149 1974 tus

147 1998 227 2084 fuga
245 1998 372 2063 nefarie
393 1997 534 2081 proditio
558 1997 700 2061 consulis
723 1997 773 2062 tui
795 1998 1016 2063 conscelerate
1039 1997 1181 2062 iudice-n

147 2089 245 2150 retur.
262 2121 301 2132 -
316 2084 424 2148 Melus
438 2084 526 2166 civis,
543 2083 712 2169 improbus
727 2086 849 2170 consul,
866 2085 1041 2152 seditiosus
1056 2085 1148 2151 homo
1203 2153 1204 2184 ,

148 2171 206 2238 On.
225 2171 331 2236 Osrbo
355 2171 427 2235 fuit.
453 2205 490 2218 -
516 2169 627 2236 Fuerit
650 2171 733 2256 eliis,
755 2173 818 2238 tibi
841 2173 970 2257 quondo
994 2194 1064 2238 esse
1087 2195 1148 2238 coe

147 2259 219 2344 pit?
260 2255 478 2343 Posteaquam
504 2258 567 2323 tibi
593 2260 777 2344 pecuniam,
803 2282 872 2326 rem
896 2260 1148 2340 frumentorium,

148 2346 291 2411 rationes
314 2367 426 2411 omnes
449 2367 524 2412 sues
548 2348 787 2432 exercitumque
810 2348 981 2414 commisit.
1017 2348 1104 2415 Nem
1123 2349 1148 2412 si

147 2434 210 2498 tibi
231 2437 327 2500 antec
345 2434 572 2519 displicuisset,
594 2435 681 2501 idem
698 2436 839 2520 fecisses,
863 2437 949 2520 quod
972 2459 1058 2503 anno
1079 2440 1180 2522 poste

147 2521 191 2587 M.
209 2521 295 2588 Piso.
336 2520 496 2598 Quaestor
518 2546 590 2589 cum
608 2523 644 2589 L.
661 2521 805 2609 Scipioni
823 2524 949 2590 consuli
972 2525 1147 2611 obtigisset,

146 2633 213 2676 non
231 2610 345 2697 attigit
362 2612 543 2696 pecuniam,
563 2633 630 2677 non
648 2612 689 2676 ad
708 2612 883 2678 exercitum
901 2612 1067 2698 profectus
1090 2615 1146 2694 esc

148 2698 234 2784 quod
248 2699 288 2764 de
300 2720 336 2764 re
348 2699 481 2784 publice
494 2699 605 2782 sensit,
622 2699 672 2764 itc
685 2699 796 2782 sensit,
813 2705 851 2764 ut
867 2721 927 2766 neo
945 2700 1044 2766 fidem
1063 2721 1147 2766 sunm

95 2853 137 2918 15
147 2809 205 2940 nEpo
221 2809 345 2890 morem
359 2787 873 2940 preiommrtnecbnecessitudinem
887 2788 987 2890 sortis
1002 2789 1146 2854 laederet.

209 2898 278 2941 mm
306 2898 335 2940 s1
384 2897 440 2941 ccc
541 2897 580 2939 ur
604 2897 658 2940 ere
686 2896 795 2941 omme
817 2897 856 2941 sc
906 2896 1005 2941 ermis
1043 2899 1061 2941 r
1100 2889 1179 2941 von

93 2931 128 2981 38
146 2899 264 3048 luiterus,
286 2967 392 3030 totum
410 2896 511 3028 vitsPri
530 2963 754 3048 periculosum,
776 2899 968 3029 insidiopscm
989 2897 1149 3030 &eitum-

147 3073 209 3134 que
244 3051 427 3135 reddemus,
463 3050 493 3116 si
524 3051 650 3116 nullam
682 3050 875 3137 religionem
907 3073 978 3118 sors
1011 3052 1149 3134 hebebit,

144 3139 272 3204 nullum
290 3139 479 3205 societatem
497 3138 680 3205 coniunctio
704 3139 860 3204 secundae
884 3139 1066 3226 dubiasque
1090 3140 1150 3206 ior·

144 3231 257 3311 tuneo,
297 3227 424 3292 nullom
459 3227 687 3292 anctoritatem
724 3248 831 3293 mores
868 3231 967 3312 etque
1003 3229 1150 3294 institute

145 3315 314 3380 maiorum.
360 3314 513 3380 Omnium
540 3317 590 3378 est
618 3315 797 3380 communis
820 3315 985 3400 inimicus,
1013 3318 1072 3402 qui
1092 3316 1182 3382 fuiss

144 3401 250 3466 hostis
270 3422 409 3467 suorum.
450 3400 555 3467 Nemo
574 3424 729 3486 umquem
752 3403 888 3489 sapiens·
903 3405 1068 3488 proditori
1091 3425 1153 3471 cre-

145 3487 285 3552 dendum
307 3488 444 3572 putavit.
463 3487 559 3572 lpse
582 3487 687 3576 Sulla,
710 3491 762 3556 coi
785 3491 942 3558 adventus
965 3491 1063 3558 istius
1086 3513 1154 3580 gru·
