2470 3936
165 191 231 258 434
461 188 501 242 ns
520 187 548 244 c.
566 187 721 243 vanarn
738 187 818 244 nen
837 187 871 242 u.

165 357 203 402 ea
231 333 391 400 facilitate
418 336 615 417 praetorem,
644 336 682 396 ut
708 333 750 398 ab
778 354 817 398 ec
845 354 1013 398 servorum
1043 332 1163 398 sceleris

164 422 460 507 coniurationisque
490 421 717 486 damnatorum
744 420 814 486 vita
841 421 894 486 vel
922 420 995 505 ipso
1024 421 1163 488 carnifice

164 511 364 576 internuntio
387 509 621 576 redimeretur?

113 575 147 702 ιζ
232 599 338 676 Quid?
368 599 430 664 hoc
456 598 491 662 in
509 596 736 682 Apolloniensi
753 596 980 681 Aristodemo,
1008 598 1108 683 quid?
1135 599 1165 662 in

165 688 288 753 Leonte
319 685 539 751 Imacharensi
574 707 640 751 non
675 685 760 750 idem
792 684 923 750 fecisti?
973 684 1081 762 Quid?
1110 687 1187 750 ister

166 781 274 841 motus
293 774 499 842 servitiorum
518 774 660 858 bellique
679 773 789 838 subita
812 773 954 858 suspicio
978 779 1090 840 utrum
1111 774 1166 838 tibi

165 864 297 929 tandem
316 861 520 950 diligentiam
538 861 766 928 custodiendae
785 862 972 947 provinciae
991 885 1036 927 an
1057 884 1166 928 noram

165 952 325 1016 rationem
351 950 583 1036 inprobissumi
612 954 766 1035 quaestus
789 949 926 1016 attulit?
966 949 1166 1035 Halicyensis

165 1039 378 1121 Eumenidae,
407 1038 526 1104 nobilis
554 1039 697 1103 hominis
725 1042 758 1103 et
784 1037 929 1122 honesti,
956 1048 1105 1125 magnae·
1121 1061 1168 1124 pe

166 1128 279 1196 cuniae
314 1127 429 1193 vilicus
465 1149 537 1192 cum
572 1127 705 1210 inpulsu
740 1129 798 1192 tuo
833 1127 1046 1192 insimulatus
1081 1132 1168 1212 esset,
1181 1147 1201 1186 lo

165 1215 222 1282 HS
245 1219 335 1283 flia
363 1215 493 1281 domino
521 1215 687 1300 accepisti,
715 1214 801 1298 quod
826 1235 931 1300 nuper
954 1216 1028 1300 ipse
1049 1217 1169 1281 iuratus

167 1305 276 1370 docuit
310 1325 405 1388 quem
437 1303 479 1369 ad
509 1303 641 1368 modum
673 1307 801 1388 gestum
834 1307 929 1368 esset.
980 1303 1036 1368 Ab
1069 1305 1171 1388 equite

165 1393 313 1458 Romano
346 1389 381 1457 0.
403 1389 557 1457 Matrinio
590 1391 738 1475 absente,
769 1413 842 1456 cum
871 1392 901 1456 is
929 1397 1017 1457 esset
1043 1391 1171 1476 Romae,

167 1480 254 1565 quod
290 1481 358 1545 eius
394 1479 508 1546 vilicos
545 1483 757 1565 pastoresque
793 1478 856 1543 tibi
888 1480 922 1543 in
957 1481 1171 1565 suspicionem

167 1568 293 1635 venisse
307 1567 443 1651 dixeras,
461 1565 517 1631 Hs
530 1569 578 1632 n‘c
593 1567 768 1633 abstulisti.
801 1566 894 1632 Dixit
912 1568 975 1634 hoc
989 1568 1025 1633 L.
1035 1567 1170 1653 Flavius,
1183 1589 1204 1627 1⁵

167 1657 224 1741 qui
246 1656 308 1721 tibi
331 1675 402 1720 eam
425 1656 595 1740 pecuniam
618 1655 814 1739 numeravit,
838 1660 1033 1739 procurator
1056 1655 1091 1722 C.
1108 1656 1171 1722 Ma-

167 1745 259 1830 trini,
286 1744 368 1808 dixit
396 1744 466 1828 ipse
491 1743 677 1826 Matrinius,
704 1743 784 1809 dicit
805 1743 855 1808 vir
878 1745 1096 1830 clarissimus,
1118 1745 1172 1810 Gn

8 1851 9 1876 ff
167 1834 324 1899 Lentulus
357 1853 484 1916 censor,
517 1833 572 1916 qui
598 1831 733 1896 Matrini
764 1832 898 1897 honoris
926 1854 1025 1898 causa
1052 1835 1172 1900 recenti

7 1876 9 1972 l
167 1922 300 2008 negotio
324 1921 364 1986 ad
387 1925 421 1986 te
444 1921 571 1984 litteras
595 1921 686 1984 misit
708 1916 947 2005 mittendasque
971 1923 1109 1989 curavit.

116 2023 149 2074 16
235 2009 340 2086 Quid?
353 2035 357 2045 ’
372 2009 411 2074 de
434 2007 624 2093 Apollonio,
655 2007 763 2074 Diocli
793 2009 876 2094 filio,
907 2007 1207 2093 Panhormitanus

167 2098 219 2165 cui
242 2096 379 2162 Gemino
403 2117 584 2182 cognomen
606 2101 666 2181 est,
687 2096 857 2181 praeteriri
879 2097 1013 2181 potest?
1049 2099 1173 2184 Ecquid

167 2185 229 2250 hoc
246 2187 319 2249 tota
337 2180 448 2249 Sicilia
466 2185 595 2267 elarius,
614 2184 727 2269 ecquid
743 2184 916 2270 indignius,
941 2187 1057 2271 ecquid
1075 2188 1173 2253 maui-

167 2271 283 2336 festius
306 2267 445 2356 proferri
470 2274 600 2356 potest?
643 2272 753 2357 Quem,
775 2276 813 2337 ut
830 2272 1055 2340 Panhormum
1078 2277 1173 2360 veuit,

168 2360 209 2425 ad
241 2381 276 2424 se
307 2358 416 2424 vocari
448 2363 482 2423 et
514 2360 553 2424 de
584 2361 742 2426 tribunali
771 2360 865 2426 citari
892 2362 989 2427 iussit
1017 2385 1173 2430 concursu
1225 2375 1226 2430 ξ

168 2470 288 2536 magno
329 2447 575 2533 frequentiaque
616 2452 802 2514 conventus.
860 2447 1019 2516 Homines
1062 2453 1206 2518 seesima

167 2538 271 2622 loqui:
292 2536 471 2620 ·‘Mirabar,
499 2536 584 2622 quod
610 2536 819 2622 Apollonius,
846 2539 944 2604 homo
971 2542 1172 2626 pecuniosus,

168 2625 319 2692 tamdiu
347 2625 388 2689 ab
415 2625 481 2690 isto
509 2629 654 2690 maneret
677 2625 817 2710 integer3
845 2627 1045 2712 excogitavit
1066 2630 1171 2696 nescio

169 2713 259 2800 quid,
291 2712 417 2796 attulit3
448 2712 594 2798 profecto
625 2713 723 2778 homo
751 2713 840 2779 dives
868 2718 1001 2797 repente
1029 2739 1050 2782 a
1073 2717 1171 2783 Verre

168 2823 234 2868 non
252 2801 322 2866 sine
340 2822 438 2866 causa
455 2801 596 2867 citatur.'
631 2800 824 2886 Expectatio
848 2823 974 2868 summa
994 2804 1172 2890 hominum,

169 2889 323 2975 quidnam
353 2889 387 2953 id
419 2893 518 2973 esset,
550 2911 622 2954 cum
654 2889 856 2955 exanimatus
887 2891 996 2956 subito
1028 2893 1103 2978 ipse
1126 2909 1205 2960 acces⁰

168 2978 272 3045 currit
293 2999 366 3043 cum
389 2976 593 3042 adulescente
614 2977 697 3060 filio3
721 2999 798 3042 nam
821 2982 914 3064 pater
936 2981 1073 3066 grandis
1095 2987 1171 3048 natu

116 3077 150 3128 1⁷
168 3066 235 3131 iam
253 3065 308 3130 diu
326 3066 411 3130 lecto
433 3066 614 3131 tenebatur.
652 3065 810 3131 Nominat
832 3067 894 3132 iste
917 3089 1056 3154 servum,
1081 3093 1170 3156 quem

168 3153 364 3238 magistrum
386 3154 512 3239 peeoris
536 3175 605 3219 esse
628 3153 761 3238 diceret3
790 3175 863 3221 eum
887 3154 964 3222 dicit
987 3159 1170 3225 coniurasse
1224 3153 1225 3224 ἶ

169 3245 203 3305 et
229 3240 371 3305 familias
398 3241 586 3308 concitasse.
629 3239 661 3308 Is
689 3242 820 3308 omnino
848 3265 959 3309 seruus
986 3245 1022 3310 in
1046 3246 1170 3313 familia
1224 3251 1225 3328 l

168 3346 235 3389 non
266 3330 345 3391 erat.
394 3327 479 3394 Eum
511 3331 625 3395 statim
657 3330 801 3396 exhiberi
831 3332 930 3397 iubet
976 3333 1202 3418 Apollonieis

170 3410 340 3475 adfirmare
367 3433 401 3478 se
429 3417 560 3482 omnino
588 3419 716 3484 nomine
734 3419 802 3488 ,illo
826 3441 954 3486 servum
977 3421 1100 3489 habere
1121 3445 1170 3490 ue

168 3496 297 3559 minem.
341 3496 409 3563 Iste
435 3501 600 3570 hominem
628 3506 734 3591 abripi
763 3529 783 3572 a
809 3507 967 3574 tribunali
989 3513 1024 3575 et
1045 3511 1082 3576 in
1105 3533 1170 3578 car-
