2402 3936
260 189 328 244 ΜΒ.
347 189 373 244 11
401 189 477 245 cnr.
498 195 602 246 ro-ra
621 195 636 257 a
657 195 808 246 rer-rar.
972 190 1038 255 269

42 332 117 398 lieri
141 354 210 398 non
235 338 358 420 potest,
384 339 435 419 ut,
462 355 559 419 quem
584 335 678 400 rideo
704 338 738 400 tc
760 339 912 420 praetore
933 335 969 398 in
991 332 1038 398 si-

43 421 107 486 cilia
130 421 232 487 fuisse
259 427 294 488 ct
320 444 416 508 quem
444 445 483 488 err
509 424 582 507 ipsa
608 423 736 489 ratione
763 424 920 508 intellego
949 423 1038 488 locu-

42 511 148 592 pletem
180 509 294 595 fuisse,
324 533 399 577 eum
425 516 463 577 tu
489 511 525 576 iu
551 515 610 576 tua
635 512 803 596 provincia
828 532 894 576 nou
921 531 1038 596 cogno

43 599 122 663 reris.
157 598 270 684 Atque
292 600 386 684 adeo,
407 621 448 664 ne
470 601 532 667 hoc
555 602 614 664 aut
636 600 766 686 longius
789 603 846 666 aut
869 598 1038 664 obscurius

24 697 100 750 lesse
124 687 246 771 possit,
272 689 436 772 procedite
462 689 496 753 in
519 689 662 753 medium
685 693 783 774 atque
805 688 964 774 explicate
987 687 1038 751 de

44 774 239 858 scriptionem
266 777 506 862 imaginemque
532 777 732 862 tabularum,
759 781 797 842 ut
820 798 931 843 omncs
954 796 1038 840 mor·

44 863 112 926 tales
124 863 223 928 istius
243 864 399 930 avaritiae
416 886 482 930 non
499 865 566 948 iarn
584 866 733 952 vestigia,
753 867 809 930 sed
828 867 899 951 ipsa
917 864 1038 930 cubilia

43 950 135 1015 ridere
163 953 304 1036 possint.
348 952 476 1018 Videtis
499 952 714 1019 Verrucium?
750 954 866 1019 videtis
897 955 1019 1037 primas
1041 923 1089 1052 179²}

43 1038 154 1105 litteras
182 1041 354 1127 integras?
385 1041 502 1106 ridetis
531 1045 709 1108 extremam
736 1045 863 1126 partem
888 1041 1038 1122 nominis,

18 1127 141 1193 uaedam
172 1128 269 1195 illam
291 1127 464 1194 Verrinam
495 1133 663 1214 tamquam
694 1129 730 1194 in
758 1129 829 1194 luto
857 1129 1037 1194 demersam

44 1236 100 1280 csse
116 1217 150 1282 in
167 1217 293 1283 litura?
328 1215 380 1284 Sic
404 1217 527 1284 hebent
550 1240 584 1283 se
607 1218 753 1301 tabulae,
774 1217 909 1302 iudices,
933 1221 971 1283 ut
994 1215 1038 1281 vi·

44 1303 119 1370 dctis.
164 1303 253 1382 Quid
279 1305 469 1389 expectatis,
496 1304 573 1390 quid
600 1305 756 1390 quaeritis
785 1305 948 1389 amplius?
988 1303 1038 1368 'ru

44 1391 111 1476 ipse,
135 1392 273 1476 Verres,
304 1393 382 1480 quid
413 1393 518 1478 sedes,
550 1393 628 1478 quid
659 1394 819 1459 moraris?
865 1391 951 1459 Nam
982 1399 1038 1458 aut

45 1480 180 1546 exhibeas
211 1482 305 1546 nobis
324 1480 515 1547 Verrucium
543 1503 674 1548 necesse
702 1488 753 1549 cst
780 1486 837 1548 cut
864 1487 897 1547 te
920 1480 1038 1547 Verru-

21 1568 113 1634 ¹⁵cium
134 1590 209 1634 esse
230 1568 363 1634 fateare.

96 1657 285 1722 Laudentur
308 1661 452 1723 oratores
475 1661 611 1744 veteres,
634 1657 745 1724 Crassi
767 1659 818 1723 illi
841 1663 874 1724 et
893 1659 1038 1744 Antonii,
1110 1701 1117 1720 „

46 1745 113 1824 quod
139 1746 279 1810 crimina
306 1744 428 1810 diluere
455 1743 606 1828 dilucide,
640 1745 725 1830 quod
752 1747 881 1830 copiose
908 1767 1037 1810 reorum

47 1851 139 1898 ausas
166 1833 338 1898 defendere
362 1833 512 1900 solerent.
557 1833 722 1898 Nimirum
744 1833 795 1898 illi
817 1853 884 1897 non
906 1833 1036 1918 ingenio

47 1919 133 1988 solum
158 1923 214 1988 his
242 1922 402 2008 patronis,
431 1921 487 1987 sed
512 1921 646 1988 fortuna
673 1921 772 1986 etiam
795 1919 1037 2006 praestiterunt.

23 2003 132 2076 ”Nemo
163 2011 253 2076 enim
284 2010 332 2075 ita
362 2014 434 2074 tum
460 2009 630 2095 peccabat,
660 2013 699 2074 ut
726 2007 904 2075 defensioni
930 2008 1038 2075 locum

47 2115 96 2160 non
110 2099 319 2182 relinqueret,
341 2120 437 2164 nemo
455 2099 504 2163 ita
521 2098 662 2181 vivebat,
684 2098 836 2163 utnulla
859 2097 927 2162 eius
950 2097 1038 2162 vitae

47 2205 105 2264 pars
130 2207 279 2252 summac
305 2187 519 2274 turpitudinis
547 2189 633 2251 esset
661 2207 787 2272 expers,
814 2207 910 2251 nemo
932 2186 982 2250 ita
1003 2186 1039 2250 iu

47 2273 203 2342 manifesto
222 2279 355 2361 peccato
373 2275 555 2357 tenebatur,
573 2279 619 2357 ut,
643 2296 714 2340 curn
733 2274 902 2360 impudens
920 2273 1038 2339 fuisset

47 2358 171 2448 uincto,
189 2367 262 2430 tum
275 2363 495 2448 impudentior
513 2363 684 2446 videretur,
704 2362 732 2426 si
749 2367 894 2449 negaret.
925 2361 1020 2428 Nunc
1040 2375 1089 2424 192

24 2457 107 2513 ¹lrcro
137 2451 217 2536 quid
244 2450 346 2516 faciat
371 2451 566 2516 Hortensius
595 2452 802 2536 [patronus]?
839 2451 1037 2516 avaritiaene

48 2536 163 2604 crimina
175 2539 380 2627 frugalitatis
395 2539 545 2604 laudibus
565 2539 776 2624 deprecetur?
807 2539 854 2603 At
871 2539 1037 2604 hominem

48 2621 331 2711 flagitiosissimum,
349 2627 652 2693 libidinosissimum
670 2627 967 2712 nequissimumque
986 2626 1037 2691 de·

48 2707 139 2780 fudit.
181 2715 238 2782 An
260 2717 301 2780 ab
324 2717 385 2782 hac
407 2715 502 2781 istius
525 2715 662 2782 infamia
683 2736 720 2782 ac
741 2716 888 2800 nequitia
909 2717 1036 2780 vestros

49 2801 153 2870 animos
173 2805 210 2870 in
233 2805 334 2870 aliam
356 2809 484 2890 partem
505 2803 707 2870 fortitudinis
730 2802 1036 2870 commemoratione

25 2889 200 2959 ltraducat?
232 2893 280 2958 At
296 2892 396 2958 homo
413 2893 558 2978 inertior,
577 2893 735 2980 ignavior,
759 2892 865 2978 magis
884 2890 934 2954 vir
951 2889 1036 2953 iuter

49 2979 194 3066 mulieres,
220 2983 351 3068 impura
376 2981 462 3046 inter
486 2981 573 3046 viros
596 2980 787 3046 muliercula
809 2976 949 3065 proferri
970 2997 1037 3041 non

48 3069 148 3142 potest.
187 3070 233 3134 At
258 3091 365 3138 mores
389 3069 557 3136 commodi.
602 3067 681 3144 Quis
704 3067 938 3149 contumacior,
965 3066 1036 3150 quis

48 3148 244 3241 inhumanior,
266 3160 339 3242 quis
358 3157 550 3244 superbior?
582 3156 630 3222 At
651 3157 732 3221 baec
755 3155 823 3221 sinc
846 3154 1036 3236 cuiusquam

50 3241 127 3307 nalo.
167 3244 247 3320 Quis
273 3246 432 3328 acerbior,
460 3245 531 3330 quis
554 3244 753 3327 insidiosior,
781 3243 853 3326 quis
876 3241 1036 3308 crudelior

26 3331 184 3414 luinquam
212 3332 299 3399 fuit?
344 3333 383 3398 ln
413 3333 476 3399 hoc
506 3333 637 3399 homine
667 3335 765 3416 atque
791 3331 826 3396 in
852 3331 921 3396 eius
948 3329 1037 3396 modi

51 3433 129 3483 causa
143 3420 218 3504 quid
231 3419 376 3486 facerent
391 3441 502 3486 omnes
516 3420 627 3487 Crassi
646 3424 678 3486 et
693 3419 851 3486 Antonii?
885 3418 1036 3502 Tantum,

16 3598 17 3615 ἵ
51 3503 154 3592 opinor,
176 3509 344 3576 Hortensi:
369 3509 410 3574 ad
428 3529 560 3574 causam
576 3529 642 3574 non
665 3509 853 3576 accederent
875 3529 979 3592 neque
1001 3507 1036 3570 in
