2422 3952
371 159 446 216 css.
461 167 503 230 se,
522 168 556 218 ss
574 167 590 229 s
608 167 722 220 se-eo.
1004 166 1047 232 15

109 301 208 388 Quid,
234 305 263 370 si
284 305 471 371 debuisset?
503 306 696 372 continuone
720 327 817 374 muse
834 308 967 394 nese,
989 331 1047 378 eur
1064 333 1099 384 se

50 395 228 476 epreetore
239 394 434 478 postulares,
450 398 488 458 nt
501 395 587 460 bone
602 395 808 480 possideres?
840 394 916 462 Non
931 398 1046 499 opinor

48 479 77 542 id
103 480 234 564 quidem
260 502 366 565 neque
394 482 446 546 ius
476 497 546 548 esse
576 501 681 567 neque
709 484 860 568 cuiquem
890 486 1046 569 expedire

48 564 124 642 Quid
154 567 260 654 igitur
287 569 510 635 demonstret?
554 569 784 637 Vadimonium
811 572 876 638 sibi
902 573 950 638 eit
977 595 1046 639 esse

26 654 214 722 edescrtum.
246 656 432 742 Antequam
451 657 549 723 doceo
570 659 605 724 id
627 659 751 725 fectum
772 679 839 726 non
858 682 941 745 esse,
964 660 1045 726 libet
1057 660 1098 728 15

47 742 134 827 nihi,
162 742 197 810 0.
215 744 342 828 Aquili,
369 767 409 810 ox
433 745 535 812 officii
560 747 687 812 rete'one
713 751 816 832 etque
840 770 879 814 ex
902 750 1046 814 omnium

46 832 271 898 consuetudine
294 854 368 900 rem
391 834 499 918 ipsum
526 837 560 898 et
583 834 708 900 fectum
731 836 830 902 simul
853 834 923 903 Ser
941 835 1046 904 Naevi

45 920 252 986 eminerem
293 921 346 985 Ad
367 921 588 988 vadimonium
609 944 678 988 non
697 928 845 1008 teneret,
867 929 905 990 ut
927 925 985 1008 eis,
1006 926 1046 1012 is,

46 1007 169 1090 quicum
190 1008 256 1074 tibi
278 1008 437 1094 effindss,
461 1010 615 1094 societas,
636 1032 748 1077 ornnes
771 1012 908 1096 denique
931 1035 1046 1080 eeusee

19 1098 74 1158 re
85 1096 339 1164 necessitudines
350 1097 740 1166 veteres'intercedebcnt.
766 1099 888 1165 Ilicone
902 1100 943 1164 ed
956 1121 1046 1186 pree·

46 1185 144 1250 torem
163 1185 216 1250 ire
237 1185 411 1251 convenit?
434 1185 628 1252 continuone
650 1209 763 1252 verum
784 1187 849 1252 init
870 1190 1047 1274 postulare,

46 1275 78 1336 nt
93 1293 132 1336 ex
150 1272 258 1339 edicto
273 1273 368 1340 *bone
389 1273 555 1358 possidere
578 1275 713 1340 liceret?
736 1275 879 1341 adhaec
901 1281 1046 1344 utrem·

47 1361 327 1427 etinimicissine
350 1362 423 1427 iure
448 1365 520 1428 tum
544 1362 660 1446 cupide
687 1362 893 1449 decurrebas,
919 1369 957 1429 ut
983 1365 1046 1430 tibi

47 1447 120 1513 nihil
137 1449 172 1514 in
184 1453 365 1535 posterum,
388 1451 475 1534 quod
488 1451 621 1536 merlus
638 1455 735 1535 etque
757 1452 917 1518 crudelius
939 1451 1046 1519 fecem

19 1549 158 1621 ¹tposses,
180 1538 388 1603 reservares?
428 1537 515 1604 Nem
534 1539 611 1622 quid
630 1538 755 1604 homini
775 1544 888 1625 potest
908 1542 1046 1627 turpius,
1064 1555 1098 1606 49

48 1625 116 1708 quid
145 1626 221 1692 viro
252 1624 401 1690 miserius
433 1631 491 1691 snt
519 1626 668 1692 acerbius
699 1649 761 1693 usu
792 1629 924 1695 venire?
960 1629 1046 1714 quod

47 1715 166 1780 nutum
183 1713 317 1779 evenire
335 1713 479 1798 dedecus,
498 1735 580 1798 quee
598 1718 693 1780 tento
715 1716 886 1782 celemites
906 1717 1046 1782 inveniri

48 1803 167 1882 potest?
211 1801 386 1868 Pecuniam
411 1801 441 1866 si
466 1802 608 1886 cuipiam
634 1803 767 1868 fertum
794 1803 914 1868 edemit
937 1809 994 1868 eut
1016 1804 1045 1868 si

48 1888 174 1956 alicuius
204 1889 325 1975 eripuit
350 1890 481 1973 iniurie,
512 1894 638 1973 temen,
668 1890 744 1955 dum
771 1890 969 1956 existimatio
996 1896 1047 1956 est

20 1975 176 2064 nintegrn,
198 1977 297 2044 iecile
313 1979 502 2044 consolatur
519 1978 674 2044 honestes
693 1979 880 2064 egestatem.
912 1978 959 2044 At
980 1999 1047 2044 non

47 2085 132 2132 nemo
151 2070 211 2132 eut
228 2066 411 2152 ignominie
431 2066 566 2131 effectus
590 2070 648 2132 eut
669 2065 787 2131 iudicio
810 2065 899 2151 turpi
921 2066 1046 2133 convic-

48 2155 93 2217 tus
117 2154 216 2220 bonis
240 2153 370 2238 quidem
393 2154 459 2220 suis
482 2154 600 2233 utitem,
627 2154 762 2220 alterius
785 2176 876 2239 opes,
904 2153 938 2219 id
960 2155 1047 2240 quod

48 2241 259 2308 miserrimus
277 2246 336 2326 est,
358 2263 425 2306 non
442 2245 617 2327 exspectet,
638 2241 700 2310 hoc
717 2245 830 2308 temen
849 2243 885 2308 in
906 2243 1045 2310 miseriis

48 2329 227 2396 adnnente
246 2334 280 2394 et
298 2329 418 2396 solacio
438 2331 635 2412 subleretur.
675 2329 774 2397 Ollius
792 2330 975 2398 verobona
994 2353 1046 2396 ve»

22 2417 183 2503 sumt,
211 2417 303 2484 cuius
329 2437 396 2484 non
421 2417 517 2483 medo
544 2418 622 2482 illae
645 2417 866 2504 amplissimus
886 2418 1046 2504 fortunae,

50 2506 96 2571 sed
109 2507 212 2572 et'nem
224 2506 330 2572 rictus
342 2505 547 2590 vestitusque
558 2506 759 2572 necessarius
775 2507 836 2572 sub
854 2529 1046 2592 praeconem

49 2615 113 2660 cum
137 2593 294 2660 dedecore
316 2593 479 2660 subiectus
502 2597 565 2678 est,
591 2594 620 2658 is
642 2615 709 2659 non
731 2595 827 2660 modo
851 2617 890 2659 ex
911 2617 1045 2660 numero

50 2683 188 2748 rivorum
216 2683 422 2765 exturbetur,
449 2681 518 2764 sed,
545 2681 667 2746 sifieri
688 2686 812 2767 potest,
838 2682 925 2749 infre
947 2683 1047 2747 etiem

50 2775 187 2838 mortuos
224 2769 427 2836 emendetur.
479 2769 612 2836 Etenim
637 2791 737 2835 ¹mors
775 2770 915 2836 honeste
951 2791 1046 2853 saepe

24 2859 143 2924 suum
156 2879 287 2944 quoque
299 2861 429 2943 turpem
442 2862 586 2942 exornet,
604 2857 673 2922 vite
686 2863 752 2923 tam
764 2857 870 2943 turpis
887 2878 928 2921 ne
947 2857 1047 2922 morti

51 2947 170 3028 quidem
188 2947 345 3012 honestae
363 2946 471 3012 lecum
488 2946 653 3030 relinquit.
688 2945 775 3028 Ergo
794 2946 933 3028 hercule,
956 2944 1046 3010 cuiue
1065 2957 1099 3008 60

51 3034 128 3100 bone
144 3057 184 3100 ex
203 3034 308 3100 edicto
329 3034 546 3119 possidentur,
567 3034 664 3099 huius
688 3034 793 3099 omnis
815 3032 905 3099 ieme
927 3037 960 3098 et
984 3033 1046 3098 exi-

52 3123 188 3190 umato
215 3143 289 3189 eom
315 3121 410 3188 honis
436 3123 533 3187 simul
559 3122 759 3208 possidetur3
786 3120 825 3187 de
852 3143 916 3205 quo
942 3121 1048 3186 libelli

53 3209 308 3278 inceleberrimis
317 3211 399 3278 loeis
412 3204 646 3296 proponuntur,
660 3210 735 3275 hoie
744 3231 785 3275 ne
799 3209 904 3294 perire
919 3209 1048 3293 quidem

29 3299 358 3383 scelestumque
377 3298 575 3383 conceditur3
594 3298 648 3364 cui
666 3297 817 3386 magistri
833 3298 916 3363 fiunt
938 3301 972 3362 et
996 3297 1048 3362 dc

55 3387 123 3452 nini
149 3387 406 3472 constituuntur,
434 3387 502 3472 qui,
530 3408 595 3471 qne
621 3388 693 3471 lege
719 3389 753 3450 et
776 3407 840 3470 que
863 3384 1048 3451 condmione

55 3481 167 3562 pereat,
200 3476 425 3562 pronuntient,
457 3475 495 3540 de
527 3497 592 3559 qno
625 3471 754 3542 homine
786 3471 954 3568 praeconis
985 3491 1048 3534 vox
1182 3537 1191 3573 ι,
