2470 3936
136 145 203 212 490
436 143 476 198 IN
494 143 523 200 (l.
538 143 692 199 VERREM
710 142 793 198 AG'l':
807 144 842 198 II.

136 291 319 354 causatus
345 287 403 372 sit,
429 289 463 352 et
490 285 567 371 quid
595 287 633 352 de
655 290 690 354 te
710 286 860 352 futurum
883 287 941 372 sit,
968 287 1014 354 sic
1035 290 1143 352 tecum

136 397 243 461 agam.
277 375 417 442 Gavium
434 374 544 459 istum,
566 397 663 459 quem
680 375 888 459 repentinum
908 375 1144 460 speculatorem

134 464 237 530 fuisse
269 464 362 547 dicis,
393 463 564 529 ostendam
593 464 630 528 in
661 463 838 530 lautumias
867 460 1035 547 Syracusis
1061 485 1080 528 a
1111 466 1145 528 te

137 575 209 620 essa
235 553 429 637 coniectum,
455 573 559 638 neque
581 551 616 618 id
638 553 745 618 solum
767 573 807 618 ex
830 551 952 617 litteris
975 550 1145 616 ostendam

137 639 427 727 Syracusanorum,
448 662 490 706 ne
512 639 619 724 possis
642 639 748 706 dicere
769 660 836 724 me,
859 639 937 724 quia
960 639 1005 704 sit
1027 639 1171 723 aliquiss

137 731 172 796 in
198 729 318 796 litteris
341 728 476 813 Gavius,
503 727 566 794 hoo
591 728 715 814 lingere
743 730 776 792 et
804 727 925 812 eligere
950 748 1081 811 nomen,
1109 732 1146 792 ιιι
1234 730 1235 745 ³

137 818 222 883 hunc
240 817 334 882 illum
353 837 423 882 osse
440 816 565 902 possim
584 816 698 900 dicere,
721 815 777 881 sed
794 815 836 880 ad
855 815 1031 882 arbitrium
1052 820 1146 882 tuum

136 906 231 972 testis
250 905 344 987 dabo,
367 904 423 988 qui
440 903 542 970 istum
558 905 667 990 ipsum
686 903 857 988 Syracusis
882 903 942 972 ebs
965 907 1000 970 te
1023 904 1057 969 in
1077 905 1145 969 lau·
1231 955 1232 962 ,

135 993 256 1060 tumias
279 993 460 1059 coniectum
482 1013 553 1058 esse
576 993 695 1058 dicant.
734 990 918 1058 Producam
940 992 1042 1058 etiam
1064 990 1145 1058 Con·

136 1103 234 1149 sanos
266 1081 443 1166 municipes
474 1081 564 1146 illius
596 1103 635 1148 ac
665 1080 880 1164 necessarios,
912 1080 969 1164 qui
998 1083 1032 1146 te
1060 1102 1145 1146 nunc
1160 1099 1184 1140 ιι

137 1193 209 1236 sero
228 1170 374 1253 doceant,
391 1169 512 1235 iudices
529 1190 596 1236 non
615 1189 697 1249 sero,
717 1166 1026 1251 dromedarium,
1049 1190 1146 1254 quem

136 1263 174 1324 tu
199 1259 234 1322 in
261 1279 388 1324 crucem
415 1257 526 1344 egisti,
551 1257 656 1324 civem
677 1255 862 1322 Romanum
890 1261 924 1322 et
949 1257 1146 1342 municipem

137 1345 337 1431 Consanum,
357 1366 425 1411 non
446 1346 683 1430 speculatorem
705 1345 919 1430 fugitivorum
941 1343 1052 1410 fuisse.

83 1405 136 1534 {38²5
202 1433 285 1500 (lum
307 1434 387 1500 haec
410 1434 533 1516 omnia,
556 1456 640 1518 quae
661 1433 830 1518 polliceor,
852 1434 1019 1500 cumulate
1037 1433 1062 1516 †
1080 1435 1145 1500 tuis

135 1522 291 1607 proximis
314 1522 414 1605 plana
436 1520 552 1604 fecero,
574 1526 646 1586 tum
667 1521 752 1587 istuc
774 1521 883 1607 ipsum
905 1522 1182 1606 tenebo,.quod1⁵

136 1610 195 1675 abs
226 1613 260 1674 to
292 1608 373 1674 mihi
404 1608 514 1693 datur3
549 1630 588 1674 eo
620 1613 808 1676 contentum
840 1631 893 1675 me
925 1631 998 1676 esse
1030 1611 1144 1678 dicam

136 1698 221 1776 Quid
252 1697 339 1764 enim
366 1718 469 1782 nuper
496 1702 533 1763 tu
555 1697 640 1782 ipse,
672 1720 747 1764 cum
771 1697 885 1783 populi
912 1696 1056 1764 Romani
1082 1700 1144 1765 cla·

136 1809 225 1852 more
255 1790 353 1870 atque
379 1785 504 1870 impetu
530 1786 740 1872 perturbatus
768 1785 942 1869 exsiluisti,
976 1787 1067 1872 quid,
1097 1788 1146 1852 in-

136 1895 248 1959 quam,
284 1875 412 1940 locutus
445 1874 502 1940 es?
551 1874 664 1959 Illum,
701 1874 786 1958 quod
822 1895 950 1940 moram
983 1875 1145 1959 supplicio

135 1966 320 2047 quaereret,
345 1963 418 2028 ideo
445 1962 630 2030 clamitasse
658 1983 693 2028 se
720 1983 791 2026 esse
818 1963 922 2028 civem
949 1961 1146 2048 Romanum,
1159 1980 1184 2022 ιι

135 2050 192 2116 sed
222 2051 459 2136 speculatorem
488 2050 598 2116 fuisse⁶
642 2049 714 2116 lam
740 2049 804 2116 mei
830 2053 933 2116 testes
960 2051 1032 2115 veri
1059 2057 1146 2118 sunt.

136 2138 220 2212 Quid
246 2138 332 2203 enim
359 2138 438 2203 dicit
465 2138 554 2204 aliud
580 2136 615 2203 O.
637 2137 856 2223 Numitorius,
883 2138 960 2222 quid
987 2137 1032 2204 M.
1053 2144 1087 2206 et
1109 2139 1146 2206 P.

135 2223 251 2307 Cottii,
280 2225 478 2289 nobilissimi
508 2225 657 2292 homines
684 2246 829 2312 onagro
858 2224 1146 2312 Tauromenitano,

135 2311 213 2396 quid
245 2309 282 2387 Q.
308 2311 477 2395 Lucceius,
508 2313 565 2397 qui
596 2313 818 2400 argentariam
849 2312 933 2400 Regi
964 2315 1146 2382 maximam

134 2401 225 2485 fecit,
253 2399 330 2486 quid
356 2400 476 2468 ceteri?
517 2399 632 2467 Adhuc
659 2403 745 2468 enim
772 2406 873 2468 testes
899 2423 938 2466 ex
961 2423 1001 2467 eo
1024 2425 1145 2489 genere
1159 2419 1182 2462 ιι

135 2511 155 2556 a
176 2509 228 2555 me
254 2492 330 2556 sunt
353 2488 435 2573 dati,
460 2489 527 2554 non
550 2490 606 2574 qui
628 2491 756 2556 novisse
780 2489 932 2572 Gavium,
959 2490 1019 2556 sed
1041 2513 1077 2556 se
1098 2493 1145 2556 vi·

134 2577 220 2642 disse
248 2577 404 2661 dicerent,
431 2599 504 2643 cum
531 2577 574 2661 is,
601 2578 657 2662 qui
680 2599 714 2643 so
738 2578 841 2643 civem
863 2577 1050 2645 Ιιοιιιιιιιιιιιι
1073 2601 1144 2646 esse

134 2666 304 2750 clamaret,
326 2665 362 2730 in
383 2685 509 2731 crucem
533 2670 692 2752 ageretur.
732 2665 804 2731 Hoc
826 2669 877 2750 tu,
899 2663 1034 2750 Verres,
1057 2667 1144 2734 idem

135 2753 223 2839 dieis,
245 2753 307 2819 hoc
325 2756 362 2820 tu
381 2753 554 2837 confiteris,
576 2754 671 2819 illum
689 2753 876 2822 clamitasse
895 2774 928 2819 se
947 2754 1053 2821 civem
1071 2776 1144 2822 esse

133 2841 331 2926 Romanum
350 2841 436 2926 apud
453 2846 487 2907 te
504 2863 623 2908 nomen
640 2841 783 2908 civitatis
801 2863 843 2908 ne
861 2845 992 2908 tantum
1012 2843 1144 2926 quidem
1158 2861 1183 2902 ω
1232 2917 1233 2920 ¹

133 2930 289 3015 valuisse,
324 2932 362 2996 ut
394 2929 631 2996 dubitationem
663 2930 820 3014 aliquam,
856 2934 893 2996 ut
924 2929 1143 2998 crudelissimi
1232 2943 1233 2946 ’

133 3017 377 3101 taeterrimique
391 3017 541 3102 supplicii
560 3019 704 3103 aliquam
721 3039 858 3103 parvam
876 3039 1003 3084 moram
1022 3019 1143 3085 saltem

82 3114 132 3168 ros
150 3110 262 3188 posset
285 3105 418 3173 adferre.
458 3103 530 3172 Hoc
552 3110 660 3190 teneo,
687 3105 740 3171 lrio
763 3107 894 3190 haereo,
920 3105 1058 3191 iudices,
1080 3108 1142 3174 hoc

133 3213 205 3256 sum
238 3197 408 3259 contentus
439 3215 518 3278 uuo,
549 3195 667 3260 omitto
697 3216 735 3259 ac
761 3194 900 3280 neglego
928 3197 1049 3278 cetera3
1083 3217 1143 3262 sua

133 3278 335 3345 confessione
367 3281 519 3347 induatur
551 3303 588 3346 ae
619 3282 785 3368 iuguletur
812 3303 942 3348 necesse
972 3287 1032 3346 est
1080 3282 1177 3360 Quis

133 3368 233 3446 esset,
259 3365 449 3451 ignorabas,
475 3369 712 3452 speculatorem
735 3390 805 3434 esse
829 3369 1052 3455 suspicabare3
1075 3393 1141 3438 non

134 3469 262 3534 quaero,
286 3470 350 3532 qua
368 3455 561 3539 suspicione,
583 3460 641 3522 tua
658 3461 692 3522 te
713 3479 828 3526 accuso
852 3457 1014 3524 oratione:
1038 3458 1142 3526 civem
