2404 3928
299 144 367 200 ΗΒ.
382 145 421 200 lv
449 146 526 202 cnr.
546 153 650 202 11-13
668 153 683 214 s
702 153 816 204 ae-sr.
998 149 1065 220 375

54 290 215 356 daritano.
260 287 391 356 Etenim
418 290 446 354 si
467 289 670 374 Phylarchus
698 291 908 376 vendidisset,
935 315 1002 358 non
1026 293 1065 376 ei,

53 382 270 464 posteaquam
287 400 362 444 reus
380 377 486 444 factus
504 400 549 461 es,
570 379 771 444 redditurum
793 383 827 444 te
849 381 1063 464 promisisses.

54 463 148 541 Quod
175 466 253 550 quia
276 466 387 532 vidisti
410 467 518 550 plures
542 467 638 551 scire,
666 467 831 554 cogitasti,
859 469 887 532 si
910 469 940 534 ei
962 469 1065 534 reddi·

54 555 168 638 disses,
186 559 220 619 te
234 555 340 620 minus
357 554 554 638 habiturum,
572 577 642 620 rem
660 555 763 622 nihilo
782 556 888 621 minus
907 561 1062 622 testatam

30 642 213 726 bfuturam3
240 665 307 708 non
331 642 507 710 reddidisti.
552 641 645 708 Dixit
667 642 869 727 Phylarchus
891 666 951 729 pro
973 645 1064 710 testi·

54 731 166 796 monio
184 753 235 813 se,
252 731 338 815 quod
356 736 467 798 nosset
487 735 581 796 tuum
603 731 703 796 istum
726 732 884 816 morbum,
907 737 945 798 ut
968 733 1064 799 amici

54 820 102 884 tui
126 819 310 904 appellant,
332 817 460 902 cupisse
482 823 517 884 te
538 819 644 884 celare
667 819 706 883 de
727 820 885 905 phaleris3
908 842 980 887 cum
1004 822 1063 886 abs

54 913 86 972 te
109 907 297 992 appellatus
319 910 421 992 esset,
443 928 581 992 negasse
603 907 723 972 habere
746 929 830 994 sese3
853 909 939 993 apud
962 910 1063 976 alium

54 1017 183 1080 quoque
210 1017 265 1062 eas
292 995 445 1060 habuisse
473 995 650 1079 depositas,
676 1017 717 1060 ne
743 1017 807 1080 qua
828 996 1063 1082 invenirentur,

21 1101 44 1139 1⁰
54 1084 150 1148 istius
182 1087 310 1150 tantam
342 1083 443 1149 fuisse
475 1083 702 1169 sagacitatem,
734 1088 771 1148 ut
803 1105 856 1150 eas
884 1085 1062 1169 perillum

53 1173 162 1256 ipsum
193 1172 380 1256 inspiceret,
415 1172 471 1236 ubi
502 1176 596 1237 erant
628 1171 806 1256 depositae,
843 1175 914 1236 tum
946 1193 980 1238 se
1012 1173 1062 1237 de·

54 1282 219 1412 prensurpl
235 1281 355 1346 negare
381 1281 448 1360 non
474 1260 634 1344 potuisse,
660 1259 708 1325 ita
733 1259 775 1326 ab
799 1281 833 1323 se
855 1260 959 1326 invito
982 1261 1062 1345 pha-

67 1351 645 1520 θη10111,111110801811111111010001110
665 1457 703 1501 ac
724 1435 924 1521 perscrutari
945 1436 1061 1503 solitus
1074 1408 1116 1534 13}

23 1539 45 1579 1⁵
57 1524 106 1608 sit,
129 1524 261 1608 iudices,
284 1528 334 1590 est
352 1545 469 1608 operae
487 1523 629 1607 pretium
647 1545 850 1608 cognoscere.
888 1522 1062 1608 Cibyratae

56 1617 131 1678 sunt
161 1611 281 1678 fratres
308 1612 452 1696 quidam,
484 1611 690 1696 Tlepolemus
718 1616 752 1678 et
778 1611 893 1696 Hiero,
925 1634 1062 1696 quorum

56 1702 195 1766 alterum
221 1701 344 1786 fingere
371 1700 486 1784 opinor
508 1722 526 1764 e
553 1721 627 1764 cera
654 1699 787 1764 solitum
810 1721 895 1783 esse,
923 1701 1062 1766 alterum

55 1811 125 1854 esse
156 1789 324 1873 pictorem.
371 1787 478 1854 Hosce
511 1787 639 1871 opinor,
673 1786 810 1871 Cibyrae
841 1809 916 1852 cum
946 1787 982 1851 in
1012 1809 1063 1852 su·

57 1877 231 1962 spicicnem
249 1876 415 1941 venissent
431 1875 497 1942 suis
517 1875 640 1942 civibus
658 1874 770 1940 fanum
789 1874 949 1959 expilasse
962 1874 1063 1959 Apol·

24 1966 142 2048 arinis,
162 1964 285 2031 veritos
303 1985 442 2049 poenam
461 1963 571 2029 iudicii
588 1985 626 2028 ac
644 1962 727 2048 legis
751 1962 847 2028 domo
870 1961 1062 2048 profugisse.

57 2052 148 2129 Quod
165 2051 301 2120 Verrem
328 2051 458 2120 artificii
486 2052 536 2118 sui
563 2050 713 2136 cupidum
740 2054 961 2136 cognoverant
983 2054 1063 2135 tum,

57 2164 129 2208 cum
161 2141 237 2223 iste,
273 2139 307 2204 id
341 2140 426 2224 quod
458 2162 497 2207 ex
528 2139 668 2206 testibus
700 2138 873 2223 didicistis,
909 2137 1063 2224 Cibyram

58 2251 128 2294 cum
150 2228 302 2294 inanibus
325 2227 521 2313 syngraphis
544 2231 691 2311 venerat,
718 2227 814 2292 domo
836 2227 999 2314 fugientes
1023 2228 1063 2293 ad

58 2339 128 2382 eum
157 2338 191 2382 sc
219 2317 343 2400 exules,
369 2338 443 2380 cum
469 2316 532 2382 iste
561 2321 647 2381 esset
673 2315 707 2382 in
728 2315 821 2398 Asia,
848 2317 1063 2382 contulerunt.

26 2418 46 2458 2⁵
57 2404 180 2472 Habuit
194 2426 250 2470 eos
268 2425 377 2470 secum
394 2403 454 2470 illo
472 2408 619 2487 tempore
637 2407 671 2469 et
689 2403 723 2468 in
740 2403 915 2489 legationis
934 2404 1062 2487 praedis

58 2499 152 2578 atque
180 2492 278 2559 furtis
306 2492 446 2559 multum
473 2492 606 2558 illorum
633 2511 732 2575 opera
759 2491 958 2573 consilioque
985 2513 1063 2557 usus

58 2588 113 2648 est.
161 2579 208 2646 Hi
240 2585 316 2646 sunt
345 2580 410 2664 illi,
442 2580 559 2663 quibus
590 2580 626 2644 in
651 2577 773 2644 tabulis
800 2578 901 2644 refert
927 2599 997 2644 sese
1025 2578 1062 2655 Q.
1081 2591 1117 2640 31

58 2669 175 2735 Tadius
198 2668 336 2734 ‘dedisse
363 2669 454 2734 iussu
476 2668 571 2733 istius
595 2666 727 2734 Graecis
750 2665 952 2752 pictoribus'.
995 2665 1062 2732 Eos

57 2757 119 2822 iam
147 2758 230 2822 bene
258 2755 406 2842 cognitos
435 2759 468 2820 et
495 2778 530 2820 re
552 2756 707 2840 probator
732 2777 840 2821 secum
862 2755 897 2818 in
919 2751 1062 2820 Siciliam

25 2857 47 2900 ³⁰
58 2845 155 2912 duxit.
188 2844 258 2921 Quo
272 2849 487 2928 posteaquam
501 2849 667 2927 venerunt,
686 2843 868 2909 mirandum
882 2842 917 2907 in
932 2841 1063 2906 modum

57 2931 166 3019 (canes
197 2932 362 2998 venaticos
393 2931 529 3016 diceres)
560 2932 608 2996 ita
639 2931 859 2998 odorabantur
890 2930 999 2996 omnia
1030 2935 1064 2997 et

57 3021 337 3107 pervestigabant,
364 3024 416 3103 ut,
440 3020 498 3086 ubi
520 3019 659 3104 quidque
682 3023 782 3102 esset,
804 3018 915 3102 aliqua
936 3017 1063 3083 ratione

57 3109 244 3179 invenirent.
294 3109 393 3175 Aliud
424 3107 590 3193 minando,
627 3107 715 3174 aliud
746 3105 943 3191 pollicendo,
975 3106 1064 3172 aliud

57 3220 111 3281 per
130 3220 251 3282 servos,
274 3197 362 3264 aliud
380 3217 438 3281 per
460 3196 590 3280 liberos,
612 3218 670 3280 per
693 3196 832 3261 amicum
855 3193 951 3277 aliud,
975 3194 1063 3260 aliud

26 3298 112 3370 ⁸sper
125 3287 292 3354 inimicum
300 3285 527 3378 inveniebant,
546 3284 697 3369 quicquid
715 3283 782 3348 illis
800 3283 975 3368 placuerat,
994 3305 1064 3367 per·

59 3374 192 3441 dandum
207 3379 287 3442 erat.
322 3373 415 3440 Nihil
430 3373 518 3439 aliud
532 3373 707 3458 optabant,
717 3394 855 3458 quorum
868 3372 1064 3457 poscebatur

59 3468 235 3550 argentum,
258 3463 322 3528 nisi
340 3466 377 3528 ut
395 3462 429 3527 id
446 3461 583 3528 Hieroni
606 3465 639 3528 et
658 3461 846 3546 Tlepolemo
869 3460 1064 3544 displiceret.
