2402 3936
254 184 321 239 LIB.
339 185 367 239 11
399 185 476 241 CAP.
497 191 602 241 72-'14
620 191 636 252 ᾖ
655 191 803 242 rto-182.
968 188 1034 254 265

43 327 112 392 satis
133 347 202 392 esse
222 327 399 413 fuotumm,
422 329 464 413 si,
487 351 570 414 quse
592 330 730 416 cognovi
751 329 786 395 iu
808 328 928 415 Sicilie,
952 355 1034 416 queo

44 415 137 500 aooopi
154 416 196 481 ab
217 417 307 502 ipsis,
330 417 504 504 diligenter
528 439 714 503 exposuero,
736 420 859 504 populo
877 419 1034 504 Romano,

43 505 65 567 si
85 505 202 571 nullius
228 505 310 589 vim,
335 506 457 571 nullius
484 506 668 590 potentium
691 507 905 591 pertimuere,
931 509 1035 592 vobis,

43 592 263 658 sifseultetem
280 615 356 659 vere
374 597 473 678 etque
491 594 628 661 honeste
644 595 807 661 iudicandi
823 596 887 661 fide
908 600 941 662 et
963 597 1034 662 dili-

24 681 137 766 ⁵gentis
161 703 236 746 mse
257 680 378 765 fecero,
404 682 567 768 mihimet,
595 683 624 747 si
645 705 688 748 ne
709 684 881 751 minimum
904 685 1033 770 quidem

43 767 72 832 do
86 791 154 834 meo
173 769 331 836 curriculo
349 771 446 854 ritae,
469 771 556 854 quod
573 771 655 836 mihi
678 793 806 859 semper
827 773 1033 859 propositum

12 887 13 892 1
43 856 102 942 hit,
128 857 304 924 deesssero.
348 857 555 944 Quapropter
575 861 659 924 nihil
681 865 746 944 est,
769 862 855 946 quod
879 865 1015 947 metues,
1034 872 1085 922 180

43 967 71 1008 nr
94 946 169 1030 quid
191 947 227 1011 in
248 950 282 1011 te
304 947 502 1033 oonfingem3
527 947 629 1013 etism
652 949 738 1032 qnod
761 950 895 1034 laetere,
921 951 1033 1016 hebes.

42 1031 131 1098 llulta
147 1035 250 1118 enim,
273 1056 355 1119 quae
373 1036 440 1101 snio
463 1058 483 1100 o
506 1039 540 1100 te
562 1054 634 1102 esse
656 1038 843 1120 commisse,
866 1038 953 1122 quod
976 1043 1034 1105 eut

18 1121 158 1188 »nmium
191 1123 304 1208 turpia
335 1127 392 1189 sut
422 1146 539 1209 purum
571 1125 740 1190 eredibilia
771 1129 860 1209 sunt,
891 1130 1035 1210 praetor·

43 1209 160 1277 mittem.
203 1211 391 1293 †'l'antum
418 1233 516 1298 egem
541 1213 580 1278 de
602 1213 665 1278 hoo
686 1216 758 1279 toto
781 1213 912 1278 nomine
935 1215 1034 1280 sooie·

43 1299 117 1383 tatis,
139 1303 181 1365 ut
202 1300 269 1365 ism
292 1299 374 1365 noire
395 1300 513 1384 possis.
553 1301 728 1385 Quaeram,
751 1301 957 1368 decretumne
980 1303 1034 1367 sit.

43 1382 107 1452 (hm
132 1388 165 1453 id
193 1387 362 1472 invenero,
393 1409 561 1473 quaeram,
587 1393 774 1455 remotaene
802 1390 869 1456 sint
894 1391 1034 1458 litterae.

44 1470 107 1539 llum
126 1476 159 1540 id
183 1497 313 1560 quoqne
335 1477 509 1561 constabit,
530 1498 590 1543 vos
612 1478 679 1544 iem
701 1478 764 1544 hoo
787 1499 839 1544 me
861 1479 963 1544 tacito
986 1479 1034 1544 in·

20 1563 203 1650 intellegeris:
236 1561 271 1628 Si
301 1565 367 1647 illi,
397 1564 453 1648 qni
483 1565 547 1631 hoo
577 1565 672 1631 istius
700 1587 798 1633 oense
825 1567 1034 1634 decreverunt

45 1651 162 1734 [equites
184 1651 354 1736 Rommss,
380 1673 465 1718 nono
492 1653 577 1718 idem
604 1654 639 1718 in
666 1675 740 1720 eum
766 1655 888 1721 iudices
914 1659 1034 1741 essent,

45 1738 123 1805 istum
147 1741 222 1806 sine
250 1740 347 1806 dubio
374 1741 638 1825 condemnarent,
665 1741 704 1807 de
730 1764 793 1826 quo
817 1743 945 1809 litteras
969 1765 1034 1826 eus,

46 1848 109 1908 quoe
131 1828 230 1894 istius
257 1828 346 1894 furtu
372 1828 566 1914 indicerent,
593 1833 627 1894 et
654 1829 696 1894 ud
719 1830 893 1894 semisses
917 1834 950 1895 et
974 1851 1033 1896 sno

46 1913 150 1983 leudo
185 1921 330 1982 remotas
363 1917 484 1982 seirent
518 1939 597 1984 osse.
647 1915 751 1992 Quem
784 1917 887 2004 igitur
918 1918 960 1983 eb
992 1917 1033 1983 iis

22 2003 204 2086 alequitibus
225 2004 410 2087 Romanis]‚
438 2004 494 2090 qui
518 2005 613 2072 istius
637 2027 735 2072 oense
758 2005 892 2090 oupiunt
915 2006 1034 2090 omnio,

46 2093 85 2172 qui
104 2095 143 2158 ab
167 2115 208 2159 eo
231 2093 462 2181 benignissime
484 2095 620 2160 treotsti
642 2098 728 2177 sunt,
751 2094 959 2160 condemnari
980 2116 1033 2159 ne·

46 2199 114 2246 nesse
139 2185 241 2266 esset,
267 2180 297 2246 is
320 2205 340 2247 a
364 2182 473 2266 vobis,
497 2181 632 2266 iudices,
659 2183 729 2248 ulls
751 2182 807 2248 vie
828 2185 885 2248 out
907 2183 1033 2248 ratione

46 2265 150 2335 absolvi
172 2269 317 2356 poterit?

94 2357 138 2424 Ao
150 2379 195 2423 ne
207 2357 294 2422 forte
308 2377 355 2442 en,
373 2380 456 2442 quae
468 2362 596 2424 remoti
607 2358 648 2422 de
662 2359 769 2424 medio
788 2362 886 2443 utque
905 2363 1017 2444 erepte
1035 2362 1084 2412 181

22 2444 119 2509 *robis
136 2449 229 2528 sunt,
251 2445 363 2510 omnin
383 2447 433 2511 itn
454 2446 586 2512 condito
606 2446 708 2512 fuisse
731 2449 828 2531 etque
851 2447 900 2512 its
921 2448 1034 2513 abdite

45 2528 159 2599 latuisse
177 2534 358 2619 videantur,
380 2539 418 2600 ut
434 2535 516 2601 hono
534 2535 713 2620 diligentis,
736 2555 833 2620 quem
854 2555 916 2622 ego
940 2558 960 2602 o
982 2556 1034 2600 mo

47 2622 190 2703 expectari
207 2623 347 2688 meximo
368 2627 457 2709 puto,
479 2623 563 2688 nihil
587 2645 699 2689 eorum
721 2622 929 2709 investigare,
949 2622 1033 2688 nihil

47 2705 158 2794 adsequi
178 2711 337 2796 potnerit:
361 2733 444 2795 quse
466 2711 603 2777 oonsilio
626 2711 735 2795 aliquo
759 2715 817 2776 out
839 2711 965 2777 ratione
987 2710 1033 2774 in-

46 2971 273 3050 publionnorum
287 2975 392 3040 oensis
410 2974 463 3040 vel
481 2975 657 3060 plurimum
675 2974 794 3042 estatis
813 2995 903 3039 meos
922 2991 1034 3039 versor

13 3117 14 3124 ,
47 3058 296 3147 vehementerque
314 3062 409 3128 illum
427 3062 574 3128 ordinem
592 3063 739 3147 observo,
762 3063 843 3128 sutis
866 3061 1033 3128 commode

46 3146 110 3212 nihi
138 3151 249 3216 videor
281 3171 393 3216 eorum
421 3151 683 3216 eonsuetudinern
709 3173 771 3216 usu
798 3150 1086 3262 trontoudoque74

46 3252 191 3320 cognosse.
217 3239 343 3323 Itaque,
356 3243 394 3304 ut
407 3239 469 3304 hoo
482 3239 634 3324 oompori,
648 3242 790 3304 remotes
805 3259 875 3302 esse
887 3238 1016 3304 litteras
1036 3276 1085 3326 182

12 3324 205 3411 *societatis
232 3327 334 3393 habui
356 3327 516 3392 rationem
539 3348 652 3393 eorum
674 3347 845 3410 annorum,
871 3347 930 3410 per
952 3347 1033 3409 quos

47 3406 100 3475 iste·
118 3413 153 3480 in
173 3413 284 3482 Sicilia
305 3414 436 3498 fuisset3
464 3415 578 3481 deindo
601 3413 758 3500 quaesivi,
786 3414 872 3499 quod
895 3417 966 3479 erut
988 3414 1034 3478 in·

12 3519 14 3578 ξ
47 3504 129 3567 ventu
153 3503 358 3588 facillimum,
386 3505 442 3588 qui
467 3525 526 3589 per
553 3525 609 3570 eos
638 3502 918 3587 unnos'msgistri
944 3502 1033 3566 illius
