2392 3944
159 161 223 224 178
458 159 497 212 IN
517 159 545 213 G.
560 157 714 212 VERREM
731 156 811 214 ACT.
830 156 864 212 ll

158 307 368 389 quaesturam
397 301 490 368 illam
517 301 675 367 nefariam
702 301 757 366 vix
782 300 928 366 triduum
955 300 1152 382 constitisset,

159 393 275 458 absens
311 414 377 458 non
409 391 443 454 in
479 389 642 456 oblivione
679 388 846 471 iacuisset,
883 389 938 454 sed
969 389 1005 453 in
1036 388 1153 454 assidua

158 480 465 547 commemoratione
484 478 634 544 omnibus
652 477 797 543 omnium
817 476 1020 578 flagitiorum
1040 476 1153 558 fuisset,

159 571 187 635 is
218 572 365 654 rt,epene
397 571 434 632 ut
461 566 601 632 Romam
632 565 735 649 venit,
768 565 873 650 gratis
901 569 1034 651 praetor
1059 564 1154 630 factus

160 662 218 723 est.
264 657 340 722 Alia
367 677 464 738 porro
487 654 637 740 pecunia,
663 675 705 718 ne
728 655 947 736 accusaretur,
974 654 1059 718 data.
1102 651 1175 718 cuis

160 746 204 811 sit
189 745 308 828 tudae
330 743 411 808 nihil
432 742 473 807 ad
491 764 551 826 me,
573 742 657 807 nihil
676 741 718 806 ad
735 763 804 806 rem
825 742 989 826 pertinere
1012 741 1156 822 arbitror·

161 833 216 898 dat
202 837 270 897 tam
299 830 427 916 quidam
455 851 525 896 esse
551 835 622 895 tum
649 829 734 894 inter
756 849 868 895 omnes
890 829 1012 896 recenti
1033 789 1156 915 negotid

106 938 158 987 102
176 920 272 985 facile
306 919 486 986 constabat.
533 917 638 983 Homo
667 917 859 982 stultissime
883 922 916 982 et
939 917 1156 998 amentissime,

159 1009 291 1074 tabulas
305 1030 377 1074 cum
391 1007 563 1073 conficeres
578 1010 612 1070 et
630 1028 703 1071 cum
722 1005 996 1106 extraordinariae
1014 1005 1156 1090 pecuniae

160 1097 281 1163 crimen
309 1095 532 1181 subterfugere
559 1094 674 1178 velles,
702 1097 754 1158 sat
754 1093 782 1158 is
808 1097 843 1158 te
871 1093 1057 1177 elapsurum
1079 1091 1185 1158 omnia

161 1185 342 1271 suspicione
366 1183 581 1266 arbitrabare,
606 1182 647 1265 si,
672 1181 788 1282 quibus
810 1181 981 1266 pecuniam
1004 1182 1156 1262 credebas,

160 1273 201 1337 iis
219 1294 394 1358 expensum
416 1293 482 1336 non
504 1271 605 1336 ferres
627 1291 732 1354 neque
754 1269 790 1333 in
811 1273 886 1335 tuas
909 1270 1041 1336 tabulas
1063 1230 1156 1335 ulluni

159 1382 279 1426 nomen
314 1359 464 1442 referres,
500 1361 620 1424 cumt
605 1360 656 1422 tot
688 1357 750 1422 tibi
780 1357 1074 1424 nominibusaeee
1000 1361 1157 1443 acceptum

161 1447 264 1514 (lurt'
227 1452 266 1513 ιιι
284 1446 463 1512 referrent?
496 1445 580 1523 Quid
598 1445 751 1530 proderat
769 1445 832 1510 tibi
850 1449 884 1511 te
903 1466 1077 1531 expensum
1099 1446 1157 1510 illis

151 1547 226 1599 'non
244 1535 382 1599 tulisse?
405 1555 448 1598 an
465 1533 531 1598 tuis
550 1534 630 1598 solis
647 1533 770 1599 tabulis
793 1537 827 1598 te
850 1556 983 1600 causam
1007 1533 1186 1600 dicturumt

162 1621 378 1688 existimasti?

227 1709 349 1776 Verum
377 1710 418 1775 ad
443 1709 536 1775 illam
563 1711 629 1775 iam
655 1710 823 1775 veniamus
850 1711 1054 1795 praeclaram
1077 1731 1156 1795 prae
1190 1767 1191 1774 ,

179 1804 287 1866 turam
306 1798 504 1883 criminaque
522 1821 570 1882 ea,
595 1820 677 1882 quae
699 1798 829 1864 notiora
852 1802 929 1863 sunt
951 1798 1014 1882 his,
1036 1799 1090 1883 qui
1111 1797 1157 1862 ed·
1190 1875 1191 1882 ,

162 1893 237 1954 sunt
238 1911 363 1990 ,quam
380 1887 485 1972 nobis,
508 1887 564 1971 qui
582 1887 732 1952 meditati
750 1885 790 1952 ad
810 1886 979 1952 dicendum
997 1887 1157 1973 paratique

161 1977 321 2060 venimus3
340 1976 374 2040 in
389 1977 505 2060 quibus
518 1996 585 2041 non
603 1975 716 2040 dubito
735 1974 813 2059 quin
832 1974 1043 2040 offensionem
1060 1975 1186 2074 negled

163 2065 292 2149 gantiae
310 2064 414 2129 vitare
433 2068 530 2147 atque
549 2063 689 2149 effugere
707 2085 773 2128 non
793 2063 927 2164 possim.
962 2062 1061 2128 Multi
1083 2063 1158 2128 enim

161 2153 209 2215 ita
237 2152 355 2216 dicent:
384 2150 449 2216 ‘De
475 2151 534 2216 illo
561 2150 644 2215 nihil
672 2151 802 2234 dixit,
793 2173 827 2214 m
855 2172 918 2234 quo
942 2173 1004 2237 ego
1027 2149 1158 2230 interfui,

162 2237 282 2302 illam
272 2238 424 2303 iniuriam
442 2238 649 2325 nonattigit,
672 2238 856 2322 quaemihi
878 2242 935 2304 aut
959 2261 1041 2324 quae
1065 2239 1157 2304 amico
1188 2317 1190 2322 ,

163 2346 235 2391 meo
267 2325 355 2390 faeta
387 2329 450 2409 est,
483 2327 599 2410 quibus
632 2347 693 2413 ego
720 2327 755 2392 in
781 2326 878 2392 rebus
908 2325 1062 2392 interlin?
1104 2325 1158 2390 His

163 2413 326 2498 omnibus,
356 2414 412 2497 qui
438 2414 533 2480 istius
559 2414 695 2480 iniurias
721 2419 856 2498 norunt,
883 2414 945 2481 hoc
972 2420 1023 2480 est
1047 2414 1190 2500 populea

161 2502 309 2568 Romano
327 2502 488 2582 universo,
508 2524 559 2567 me
577 2503 784 2568 vehementer
803 2507 990 2569 excusatum
1010 2504 1084 2569 volo
1100 2524 1159 2568 non

162 2589 561 2764 tttltttttthlgt
583 2591 751 2744 teth
769 2588 1159 2744 adtrectat
1189 2669 1190 2677 ι

653 2745 654 2748 ,
879 2729 889 2762 ,
1189 2755 1190 2764 ,

163 2771 298 2853 propter
328 2767 490 2832 rationem
516 2767 687 2832 brevitatis
714 2789 752 2832 ac
782 2768 939 2852 temporis
965 2767 1159 2852 praetermit

100 2875 104 2881 ·
163 2857 261 2921 tenda
293 2854 481 2920 existimem.
530 2853 672 2919 Fatebor
704 2855 803 2920 etiam
833 2855 915 2920 illud
945 2855 1082 2940 inritus,
1114 2867 1188 2918 med

163 2965 311 3028 prorsus,
338 2966 411 3009 cum
437 2942 501 3007 iste
527 2946 681 3028 punctum
705 2943 861 3028 temporis
883 2944 1010 3009 nullum
1033 2963 1159 3009 vacuum

164 3035 296 3115 peceato
328 3031 505 3116 praeterire
532 3051 648 3116 passus
677 3031 734 3115 sit,
769 3031 891 3114 omnia,
927 3054 1008 3116 quae
1036 3033 1077 3098 ab
1102 3032 1158 3094 isto

164 3118 338 3183 commissa
361 3119 440 3201 sint,
466 3140 533 3182 non
553 3118 699 3203 potuisse
722 3139 924 3205 cognoscere.
965 3119 1159 3205 Quapropter

164 3206 214 3272 ita
234 3226 286 3269 me
310 3205 348 3269 de
371 3210 464 3291 praet
466 3228 542 3270 urae
565 3206 753 3272 criminibus
777 3207 867 3272 audit
853 3210 936 3291 toe,t
961 3212 999 3272 ut
1022 3231 1061 3272 ex
1083 3212 1159 3306 utro·

166 3313 228 3374 que
250 3313 375 3376 genere,
397 3294 457 3358 ιι
448 3294 529 3358 mris
548 3293 672 3359 dicendi
691 3299 723 3360 et
743 3298 905 3360 sartorum
923 3299 1085 3362 tectorum
1106 3294 1159 3360 ιιι·
1170 3305 1189 3348 ⁸⁶

110 1764 160 1813 103

167 3378 358 3462 gendarum,
381 3401 420 3443 aa
441 3382 629 3465 postuletis,
655 3404 737 3466 quae
760 3383 899 3448 maxime
921 3384 1021 3468 digna
1043 3385 1109 3448 sint
1128 3403 1159 3446 eo

115 3475 168 3524 104
185 3483 251 3544 reo,
264 3463 316 3528 cui
329 3485 465 3547 parvum
479 3489 517 3532 ac
530 3469 689 3534 mediocre
704 3470 789 3538 obici
802 3471 884 3536 nihil
899 3475 1058 3556 oporteat.
1085 3472 1158 3540 Nam
