2404 3928
285 159 353 218 LIB.
371 161 411 217 lv
442 161 520 216 csP.
540 165 646 218 80-83
664 167 680 229 ὅ,
698 170 810 222 iss-72.
984 168 1049 232 393

45 305 152 370 tioeho
183 309 215 370 et
242 310 474 373 consecratum.
520 304 555 372 Si
581 306 676 372 iudex
703 329 770 374 non
797 330 883 374 esses
911 311 1048 378 ethaeo

45 395 82 458 ad
107 399 142 458 te
172 393 358 460 delatores
386 399 485 480 essct,
510 399 544 461 te
571 395 779 480 potissimum
805 397 868 462 hoo
889 400 1048 485 persequi,

45 487 75 547 te
91 487 214 566 petere,
236 486 270 548 te
291 504 388 569 egere
411 487 585 569 oporteret.
622 483 727 558 Quare
749 506 815 550 non
838 484 959 571 dubito,
983 510 1047 572 quo

46 570 152 635 animo
184 571 279 636 iudex
311 571 407 636 huius
438 572 583 637 criminis
615 593 685 638 esse
716 573 848 659 debeas,
879 575 935 658 qui
962 577 1049 660 opud

25 659 141 723 salium
176 659 313 724 iudicem
342 659 447 725 multo
475 661 593 744 aerior,
625 682 722 744 quarn
750 681 812 748 ego
840 683 925 748 sum,
956 668 1047 730 sotor

46 751 275 831 accusatorque
298 769 367 812 esse
390 748 533 816 deberes.

105 833 212 900 Vobis
230 839 349 921 autem,
370 837 501 922 iudices,
523 836 680 921 quidhoc
701 837 865 924 indignius
889 844 946 906 aut
970 813 1099 941 quiddff

46 923 147 988 minus
161 922 446 990 ferendum·videri
464 925 596 1010 potest?
627 924 787 992 Verresne
805 927 941 995 habebit
959 929 1047 995 domi

48 1032 118 1076 suae
135 1012 367 1078 candelabrum
384 1012 472 1079 Iovis
490 1013 664 1100 e'gemmis
684 1035 825 1100 auroque
845 1015 1047 1100 perfeetum?

17 1115 37 1156 1⁰
48 1101 130 1164 cuius
158 1100 289 1187 fulgore
316 1101 484 1166 conlucere
507 1106 604 1185 atque
626 1102 796 1168 inlustrari
818 1101 906 1168 Iovis
930 1107 1049 1190 optimi

47 1189 176 1254 maximi
206 1189 367 1274 templum
398 1189 584 1274 oportebat,
615 1190 648 1254 id
678 1191 763 1274 apud
789 1191 890 1256 istum
916 1193 951 1256 in
978 1195 1046 1259 eius

47 1277 128 1341 modi
155 1277 313 1343 conviviis
341 1277 571 1362 constituetur,
603 1300 685 1363 quae
712 1278 896 1345 domesticis
925 1282 1047 1367 stupris

47 1362 240 1450 flagitiisque
273 1365 481 1449 flagrabunt?
516 1367 552 1430 in
567 1399 570 1406 ·
584 1366 678 1432 istius
710 1367 837 1434 lenonis
865 1370 1047 1455 turpissimi

49 1451 135 1518 domo
160 1454 260 1519 simul
283 1477 355 1518 cum
378 1454 493 1519 esteris
517 1452 703 1520 Chelidonis
726 1456 931 1524 hereditariis
955 1480 1047 1524 orne·

20 1542 161 1606 amenus
181 1539 324 1627 Capitoli
342 1547 532 1609 ornamenta
549 1543 733 1626 ponentur?
766 1543 850 1620 Quid
869 1546 944 1612 huic
962 1547 1047 1614 sacri

50 1651 196 1714 umquam
227 1629 299 1695 fore
331 1636 388 1696 aut
416 1630 492 1715 quid
519 1631 666 1718 religiosi
692 1630 794 1698 fuisse
821 1635 958 1719 putatis,
991 1637 1047 1720 qui

49 1738 123 1784 nunc
154 1722 251 1784 tanto
284 1720 402 1784 scelere
434 1741 468 1784 se
500 1719 695 1784 obstrictum
727 1741 797 1786 esse
823 1743 890 1787 non
917 1723 1048 1806 sentiat,

51 1806 151 1888 quiin
172 1807 329 1872 iudicium
350 1809 470 1891 veniat,
491 1807 549 1872 ubi
570 1827 611 1872 ne
634 1809 760 1892 precari
783 1809 912 1892 quidem
934 1810 1047 1876 Iovem

50 1896 202 1978 optimum
221 1894 398 1960 maximum
416 1899 513 1982 atque
532 1895 574 1960 ab
593 1916 631 1960 eo
650 1897 805 1961 auxilium
823 1900 933 1980 petere
956 1920 1051 1964 more·

23 1984 186 2049 commum
203 1983 332 2069 possit?
355 2005 457 2068 aquo
476 1984 576 2048 etiam
594 1983 627 2048 di
649 1983 851 2050 immortales
875 2007 934 2050 sua
956 2007 1046 2070 repe-

50 2075 114 2135 tunt
131 2073 169 2137 in
190 2093 229 2137 ce
252 2071 379 2156 iudicio,
402 2071 488 2156 quod
510 2071 696 2138 hominibus
721 2071 761 2137 ad
785 2093 860 2138 suas
883 2095 935 2138 res
957 2095 1046 2159 repe·

50 2159 153 2225 tendas
179 2164 231 2226 est
254 2160 476 2226 constitutum.
517 2159 674 2226 Miramur
696 2159 835 2226 Athenis
857 2161 1047 2248 Minervam,

50 2244 114 2312 Deli
123 2247 326 2334 Apollinem,
337 2247 494 2316 Iunonem
509 2247 607 2332 Sami,
619 2247 682 2314 Per
707 2271 744 2314 ae
757 2249 908 2336 Dianam,
924 2253 1046 2318 multos

50 2341 210 2416 praeterea
232 2336 283 2413 ab,
297 2337 362 2401 isto
386 2336 462 2401 deos
485 2339 558 2402 tota
575 2335 657 2401 Asia
675 2271 874 2423 graeciaque
896 2339 1047 2423 violatos,

23 2424 98 2504 ¹⁵qui
115 2447 135 2490 a
153 2423 319 2510 Capitolio
341 2445 456 2490 manus
480 2424 642 2490 abstinere
664 2446 732 2492 non
753 2427 918 2509 potuerit?
954 2426 1048 2503 Quod

50 2512 162 2591 privati
188 2513 336 2579 homines
365 2513 403 2578 de
431 2513 497 2579 suis
524 2512 668 2597 pecuniis
696 2517 814 2580 ornant
837 2515 1047 2600 ornaturique

52 2605 129 2684 sunt,
156 2601 190 2666 id
214 2599 250 2666 Ο.
266 2600 385 2667 Verres
408 2602 450 2666 ab
472 2602 606 2687 regibus
628 2602 738 2666 ornari
760 2623 826 2668 non
848 2623 964 2687 passus
987 2607 1046 2668 est

106 2687 223 2774 Itaque
251 2690 314 2755 hoc
339 2689 465 2755 nefario
494 2690 612 2756 scelere
640 2695 795 2776 concepto
822 2690 905 2756 nihil
931 2693 1047 2776 postea
1066 2704 1099 2754 72

51 2777 114 2842 tota
133 2778 168 2844 in
186 2775 298 2843 Sicilia
320 2799 424 2862 neque
447 2778 532 2842 sacri
553 2799 658 2862 neque
680 2778 827 2866 religiosi
850 2777 940 2843 duxit
963 2799 1047 2863 esre;

22 2861 91 2927 cita
117 2887 187 2932 sese
214 2867 250 2930 in
275 2889 313 2931 ea
334 2866 501 2952 provincia
523 2887 583 2951 per
604 2867 779 2932 triennium
803 2866 918 2952 gessit,
944 2869 982 2930 ut
998 2866 1046 2952 ab

52 2949 108 3017 isto
135 2976 204 3020 non
232 2955 338 3020 solum
364 2953 563 3039 hominibus,
590 2955 829 3021 verumetiam
856 2953 906 3020 dis
928 2955 1046 3019 inmor-

51 3039 166 3108 talibus
184 3043 307 3108 bellum
326 3042 482 3108 indictum
505 3047 684 3128 putaretur.
726 3041 861 3128 Segesta
883 3046 935 3106 est
957 3041 1046 3127 oppi·
1056 3047 1099 3112 33

52 3125 120 3195 dum
145 3135 298 3217 pervetus
323 3131 361 3196 in,
380 3129 504 3216 Sicilia,
531 3131 666 3215 iudices,
693 3130 779 3215 quod
801 3130 843 3194 ab
866 3129 978 3196 Aenea
998 3130 1047 3195 fu·

54 3215 153 3298 giente
176 3242 196 3287 a
218 3219 317 3286 'ihoia
339 3223 436 3304 atque
458 3220 493 3284 in
514 3220 595 3286 haec
617 3220 692 3286 loca
710 3218 860 3284 veniente
882 3218 1047 3284 conditum

24 3309 116 3370 ³5esse
143 3307 375 3376 demonstrant.
419 3307 535 3394 Itaque
559 3307 728 3395 Segestani
754 3329 821 3374 non
847 3306 953 3373 solum
978 3327 1047 3392 per-

54 3397 145 3473 petua
158 3399 312 3464 societate
326 3402 426 3482 atque
438 3397 591 3481 amicitia,
608 3417 721 3462 verum
736 3396 835 3462 etiam
853 3395 1047 3484 cognatione

55 3498 83 3544 se
108 3503 179 3550 cum
206 3487 328 3570 populo
351 3485 499 3550 Romano
527 3485 714 3552 coniunctos
736 3493 813 3550 esse
838 3485 1046 3552 arbitrantur.
