2422 3952
159 133 201 197 36
326 129 397 185 PRO
417 129 495 184 SEX.
514 129 645 186 ROSCIO
664 129 835 185 AMERINO
854 130 999 186 ORATIO.

157 277 192 342 in
214 276 277 342 hoo
299 274 468 341 consilium
492 273 608 340 delecti
631 274 710 338 estis
733 277 867 358 propter
886 276 1107 360 severitatem,
1131 278 1171 341 ab

158 363 209 430 his
237 363 300 429 hoc
322 363 489 449 postulare
511 362 659 428 homines
684 362 816 428 sicarios
841 367 939 447 etque
963 365 1173 449 gladiatores,

157 475 224 519 non
246 451 344 518 modo
366 456 403 517 nt
426 450 586 536 supplicia
608 451 729 536 vitent,
756 472 839 536 quae
862 473 882 515 a
902 452 998 518 vobis
1021 473 1081 537 pro
1106 476 1173 518 ms·

158 540 272 607 lefioiis
291 541 359 606 suis
377 544 519 606 metuere
538 543 636 623 atque
650 539 782 604 horrere
796 538 924 622 debent,
943 541 1174 606 verumetiam

158 634 195 696 ut
219 629 331 715 spoliis
356 650 395 693 ex
417 627 479 693 hoe
501 627 618 693 iudicio
643 627 750 694 ornati
772 627 921 712 auctique
945 627 1138 694 discedant?
1186 659 1196 697 ⁵

224 717 285 782 His
310 716 348 781 de
370 717 467 782 rebus
490 716 592 780 tentis
615 718 747 800 tamque
771 716 935 782 atrocibus
959 739 1065 802 neque
1093 719 1174 783 satis

158 828 211 872 me
242 804 410 870 commode
440 802 544 870 dicere
579 825 684 888 neque
721 804 801 869 setis
836 805 981 890 graviter
1018 807 1173 891 conqueri

143 907 262 978 'neque
295 893 375 959 setis
406 892 507 958 libere
539 892 711 958 vociferari
742 913 838 977 posse
868 893 1036 978 intellego.
1088 895 1173 960 Nam

158 981 384 1050 commoditati
406 980 586 1066 ingenium,
613 981 772 1066 gravitati
794 985 899 1065 aetas,
921 981 1072 1047 libertati
1096 989 1174 1048 tem·

158 1093 240 1156 pora
263 1075 339 1136 sunt
361 1069 602 1155 impedimento.
646 1068 719 1135 Huc
743 1069 866 1134 accedit
889 1091 1036 1136 summus
1064 1071 1193 1152 timor,1

160 1181 256 1244 quem
279 1159 360 1224 mihi
380 1163 500 1224 nutura
522 1157 688 1242 pudorque
711 1179 802 1224 meus
826 1159 979 1223 attribuit
1002 1163 1035 1224 et
1064 1164 1174 1225 vestra

160 1247 303 1334 dignitas
331 1252 364 1312 et
391 1247 441 1312 vis
465 1246 723 1312 adversariorum
747 1250 780 1310 et
803 1243 874 1311 Sex.
897 1245 1005 1320 Rosci.
1019 1249 1173 1333 pericula

160 1333 365 1420 Quapropter
387 1357 444 1400 vos
469 1356 526 1400 oro
550 1339 647 1419 etque
671 1335 814 1417 obsecro,
837 1334 967 1419 iudices,
991 1339 1028 1401 ut
1048 1341 1174 1402 attente

108 1442 141 1490 10
159 1425 309 1507 bonaque
324 1445 397 1488 cum
411 1422 506 1488 venia
518 1422 619 1487 verbs
634 1422 869 1516 meeeudiatis.
901 1422 980 1488 Fide
999 1425 1174 1509 sapientia-

160 1534 221 1596 que
244 1515 354 1575 vestra
375 1511 478 1575 fretus
501 1510 575 1594 plus
599 1511 707 1576 oneris
731 1511 861 1594 sustuli,
890 1532 988 1595 quam
1011 1511 1101 1578 ferre
1125 1535 1193 1578 mer

159 1619 256 1684 posse
289 1598 457 1684 intellego.
501 1597 572 1665 Hoc
605 1620 685 1665 onus
721 1600 749 1664 si
775 1621 834 1664 vos
865 1600 976 1685 aliqua
1008 1621 1048 1665 ex
1080 1606 1173 1687 parte

161 1686 367 1769 adlevabitis,
389 1685 506 1771 ieram,
529 1691 566 1751 ut
588 1692 716 1772 potero,
739 1687 846 1753 studio
870 1691 904 1752 et
925 1688 1105 1774 industria,
1132 1690 1174 1754 iu·

160 1775 260 1860 dices3
283 1775 334 1841 sin
357 1797 376 1840 a
398 1775 502 1860 vobis,
523 1774 558 1839 id
581 1775 666 1859 quod
689 1797 755 1841 non
773 1797 877 1860 spero,
901 1775 1040 1860 deserar,
1064 1783 1173 1843 tamen

161 1866 269 1930 animo
292 1886 359 1930 non
377 1863 524 1930 deficiam
543 1868 576 1929 et
593 1864 635 1948 id,
658 1864 744 1948 qnod
763 1865 899 1949 suscepi,
922 1866 1030 1949 quoad
1049 1873 1173 1950 potero,

160 1953 330 2039 perferam.
376 1951 468 2028 Quod
492 1952 520 2016 si
541 1952 685 2036 perferre
707 1973 773 2017 non
795 1956 924 2036 potero,
952 1954 1097 2038 opprimi
1126 1973 1174 2020 ms

161 2064 257 2107 onere
277 2041 375 2105 officii
398 2040 486 2104 melo
508 2062 605 2123 quam
623 2041 666 2124 id,
685 2040 770 2125 quod
789 2040 870 2105 mihi
892 2063 965 2106 cum
988 2041 1053 2108 fids
1073 2043 1172 2108 semel

160 2129 351 2280 inpposipupr
361 2131 419 2210 est,
434 2130 490 2227 aut
499 2131 633 2278 prppter
642 2128 810 2214 perfidiam
825 2129 952 2195 abicere
967 2133 1024 2195 aut
1038 2136 1174 2216 propter

159 2238 195 2280 m
218 2237 281 2280 rm1
298 2237 317 2279 a
334 2237 386 2279 em
409 2236 509 2278 ammi
553 2237 698 2282 sonere.

110 2322 140 2370 11
227 2303 273 2368 Te
301 2323 428 2387 quoque
455 2238 592 2390 magnop
604 2327 713 2390 opere,
739 2304 782 2370 M.
809 2303 927 2390 Fanni,
958 2328 1097 2392 quaeso,
1131 2312 1173 2388 ut,

161 2392 291 2475 qualem
313 2394 347 2455 te
369 2391 436 2456 ium
460 2395 555 2457 antea
577 2393 699 2477 populo
717 2392 865 2458 Romano
884 2394 1076 2479 praebuisti,
1102 2418 1194 2462 cums

160 2479 236 2544 huic
263 2478 367 2544 eidem
395 2480 578 2564 quaestioni
604 2480 699 2546 iudex
726 2503 906 2566 praeesses,
939 2484 1041 2548 talem
1075 2489 1110 2548 te
1143 2488 1173 2548 et

121 2563 254 2634 brebis
278 2571 310 2633 et
333 2568 551 2652 reipublicae
574 2569 636 2634 hoc
658 2573 804 2654 tempore
827 2571 1006 2655 impertias.
1043 2570 1172 2647 Quanta

160 2657 336 2722 multitudo
355 2656 522 2721 hominum
540 2658 726 2746 convenerit
747 2658 788 2722 ad
806 2658 868 2724 hoc
885 2659 1050 2743 iudicium,
1070 2661 1171 2740 vides;
1198 2657 1199 2730 l

161 2768 243 2830 quae
253 2746 298 2810 sit
306 2744 450 2810 omnium
461 2746 649 2811 mortalium
661 2746 853 2830 expectatio,
863 2768 945 2830 quse
955 2747 1128 2833 cupiditas,
1139 2751 1171 2812 ut
1198 2741 1199 2818 i

118 680 140 804 t

161 2835 248 2900 acria
258 2857 295 2900 ec
309 2855 420 2900 severa
433 2833 551 2899 iudicia
564 2835 654 2914 fient,
669 2834 842 2920 intellegis.
866 2834 980 2920 Longo
995 2835 1171 2912 intervallo
1183 2819 1199 2968 >p

159 2922 315 2990 iudicium
334 2923 420 2988 inter
443 2922 576 2987 sicarios
594 2922 657 2988 hoc
679 2923 820 3008 primum
843 2924 1076 3009 committitur,
1100 2946 1170 2990 cum
1198 2969 1199 3004 ,

159 3008 284 3076 interce
306 3011 419 3076 caedes
443 3009 688 3095 indignissimae
706 3011 929 3094 maximaeque
948 3011 1057 3077 factae
1083 3016 1171 3094 sunt,
1198 3007 1199 3092 i

160 3116 272 3162 omnes
287 3098 371 3163 hanc
389 3098 610 3183 quaestionem
627 3104 660 3164 te
678 3102 828 3184 praetore
847 3098 1030 3165 manifestis
1051 3100 1171 3166 malefi-
1198 3169 1199 3172 Ἴ

161 3184 217 3249 ciis
233 3184 459 3270 cotidianoque
478 3187 636 3272 sanguine
649 3187 673 3270 †
688 3186 850 3252 dimissius
870 3193 1003 3272 sperent
1013 3187 1168 3260 Abiturum.
1198 3191 1199 3276 ,

109 3292 141 3340 12
200 3271 299 3374 'Qua
329 3273 559 3340 vociferatione
590 3275 625 3340 in
657 3275 772 3341 ceteris
804 3275 930 3341 iudiciis'
966 3283 1168 3344 accusatores
1182 3285 1199 3382 ³l

160 3363 209 3426 ut1
240 3367 488 3445 consueverunt,
520 3385 558 3428 ee
589 3385 649 3428 nos
682 3363 743 3428 hoc
771 3366 918 3448 tempore
946 3365 1084 3450 utimur,
1116 3387 1168 3450 qur
1198 3389 1199 3424 ³

161 3469 291 3512 causum
315 3447 457 3513 dicimus.
503 3449 648 3517 Petimus
673 3452 731 3516 abs
754 3455 796 3536 te,
819 3451 861 3516 M.
884 3451 998 3536 Fauni,
1023 3477 1042 3520 a
1065 3455 1168 3520 vobis·
