2386 3938
360 167 435 224 cAP.
451 177 555 227 14—1c
573 177 589 238 e
606 175 721 227 40-4o.
1002 171 1046 236 95

47 311 223 380 MANILI
251 314 317 380 ET
346 312 379 380 0.
405 312 544 382 Lusor
574 313 761 381 OOREAE.
812 314 933 380 Utrum
966 315 1046 381 dicis

49 401 158 467 Luscio
185 403 220 466 et
240 400 376 468 Manilio
405 423 488 468 anne
511 401 626 468 Cluvio
650 424 716 468 non
739 423 810 468 esse
832 403 1046 469 credendum?

49 489 176 554 Planius
199 493 297 574 atque
320 514 340 556 a
364 491 464 556 crtius
487 491 604 558 dicam:
626 490 747 557 Utrum
764 491 899 558 Luscius
923 479 956 556 ei
975 492 1045 557 Ma·
1057 489 1098 554 15

48 577 140 643 uilius
151 577 237 642 nihil
251 579 290 644 de
374 595 514 646 ccclooo
531 601 572 644 ex
585 577 701 645 Cluvio
720 580 900 665 audierunt,
918 601 961 646 cn
974 579 1047 646 Glu-

28 667 114 732 svius
139 665 261 732 falsum
283 667 400 733 Luscio
428 671 461 732 et
483 666 617 734 Manilio
645 667 748 732 dixit?
792 667 864 734 Hoc
890 689 951 754 ego
974 668 1046 734 loco

50 755 151 820 soluto
163 757 200 819 et
213 755 323 839 quicto
338 776 410 822 sum
424 756 532 822 animo
546 761 589 839 et,
607 777 762 840 quorsum
775 757 899 822 recidat
916 777 1047 842 respon·

50 864 114 908 sum
140 846 249 927 tuum,
275 866 341 910 non
367 865 565 930 magnopere
586 843 714 929 labor03
739 845 937 910 firmissimis
960 844 1046 910 enim

50 935 78 996 ct
102 930 317 998 sanctissimis
341 932 538 998 testimoniis
560 933 705 998 virorum
729 933 926 1018 optimorum
949 955 1046 999 causa

50 1017 139 1085 Rosci
165 1021 366 1086 communita
393 1025 451 1087 est
501 1019 536 1085 Si
562 1020 629 1085 iam
655 1021 718 1086 tibi
745 1021 959 1087 deliberatum
987 1025 1046 1106 est,
1064 1033 1099 1083 44

22 1125 41 1164 ¹⁰
52 1108 159 1192 quibus
179 1109 319 1195 abroges
337 1109 435 1174 fidem
451 1109 531 1173 iuris
549 1109 686 1194 iurandi,
708 1109 876 1194 responde.
911 1109 1046 1174 Meniho

51 1200 80 1261 et
94 1195 211 1262 Luscio
228 1218 330 1283 negas
349 1218 419 1262 csse
438 1197 652 1263 credendum?
687 1196 758 1282 Dic,
781 1197 876 1281 aude3
898 1200 949 1262 est
971 1201 1047 1262 tuae

52 1285 274 1370 contumaciae,
293 1285 500 1371 arrogantiae
513 1285 663 1369 vitaeque
676 1285 845 1352 universae
859 1307 930 1351 vox.
963 1285 1047 1362 Quid

53 1377 220 1458 exspectas,
243 1395 341 1458 quam
359 1395 435 1439 mox
450 1395 514 1460 cgo
532 1373 685 1439 Luscium
703 1377 736 1438 ct
753 1374 925 1440 Manilium
944 1374 1048 1438 dicam

54 1462 153 1526 ordine
185 1483 257 1527 csse
290 1465 470 1546 senatores,
500 1465 608 1528 aetate
640 1462 778 1548 grandes
805 1466 899 1546 natu,
929 1466 1047 1528 natura

27 1553 172 1615 tunnetos
202 1553 236 1614 et
262 1550 448 1635 religiosos,
475 1548 577 1635 copiis
603 1550 652 1616 rei
673 1550 844 1616 familiaris
867 1551 1046 1636 locupletes

56 1642 82 1702 et
95 1637 308 1722 pecuniosos?
334 1636 367 1704 N
368 1660 412 1703 on
428 1638 560 1722 faciam3
577 1637 660 1704 nihil
678 1639 760 1704 mihi
777 1638 956 1721 detraham,
974 1661 1047 1705 cum

55 1725 111 1790 diis
133 1730 265 1792 exactae
288 1727 406 1792 aetatis
430 1726 660 1808 [severissime]
682 1725 838 1810 fructum,
866 1747 961 1810 quem
984 1749 1048 1790 me

55 1819 190 1899 metunt,
217 1813 406 1880 retribuam.
449 1813 555 1902 Magis
583 1836 656 1880 mea
683 1815 902 1880 adulescentia
923 1813 1048 1899 indiget

56 1902 175 1968 illorum
194 1903 282 1968 bona
300 1903 548 1988 existimatione,
570 1924 669 1988 quam
687 1903 821 1967 illorum
844 1901 1049 1966 severissima

29 1995 192 2056 ”senectus
211 1990 372 2057 desiderat
390 2013 497 2057 meam
514 1991 653 2057 laudem.
689 1990 764 2055 Tibi
781 2011 868 2075 vero,
885 1989 971 2074 Piso,
995 1989 1049 2054 diu
1066 1993 1101 2043 45

60 2077 288 2144 deliberandum
301 2083 335 2144 et
348 2080 610 2164 concoquendum
624 2082 683 2162 est,
700 2081 811 2144 utrum
824 2078 933 2163 potius
948 2076 1049 2143 Chae

59 2188 120 2232 reae
136 2167 279 2232 iniurato
302 2167 336 2232 in
359 2189 417 2233 sne
439 2168 498 2232 lits
521 2190 563 2234 an
580 2163 717 2233 Manilio
739 2170 773 2232 et
794 2166 911 2233 Luscio
933 2167 1048 2232 iuratis

60 2253 87 2318 iu
109 2256 211 2321 alieno
239 2255 358 2320 iudicio
385 2255 507 2321 credas.
550 2253 724 2340 Reliquum
748 2259 811 2340 est,
838 2259 876 2320 ut
898 2253 1051 2321 Cluuium

59 2342 164 2410 salsum
187 2343 307 2408 dixisse
328 2342 445 2410 Luscio
469 2348 503 2409 et
519 2343 656 2409 Manilio
678 2343 862 2410 contundat
905 2342 1051 2420 Quodsi

32 2429 137 2516 efres,
163 2453 229 2516 qua
251 2431 455 2517 impudentia
475 2436 540 2518 est,
564 2452 680 2497 eumne
700 2436 818 2497 testem
840 2431 1050 2518 improbabit,

61 2541 141 2603 quem
171 2520 313 2586 iudicem
341 2519 511 2606 probarit?
545 2520 575 2584 ei
606 2520 741 2605 negabit
773 2519 859 2586 credi
890 2524 1050 2620 oportere,

61 2629 203 2781 inii,
221 2607 1050 2784 tttttpttttt,tdssttgttttttt

62 2785 146 2851 testes
173 2785 395 2871 compararit?
427 2806 522 2869 quem
549 2805 611 2870 ego
639 2785 668 2848 si
689 2784 808 2850 ferrem
830 2781 981 2864 iudicem,
1003 2802 1052 2844 re·

35 2870 156 3024 ³tilugere
178 2896 248 3027 1ὲοῖ
268 2873 413 3027 (peteret,
435 2895 508 2938 cum
529 2876 647 2938 testem
669 2873 860 2961 producam,
882 2869 1052 2954 reprehen-

79 2962 277 3028 mmcd

115 3049 213 3117 ‘Dicit
236 3049 344 3134 enim',
365 3049 482 3134 inquit,
505 3048 676 3115 ‘iniuratus
698 3047 815 3114 Luscio
839 3049 872 3111 et
894 3043 1051 3110 Manilio?
1063 3007 1104 3134 142

64 3132 90 3200 Si
111 3139 230 3204 diceret
254 3138 395 3221 iuratus,
422 3137 589 3203 crederes?
630 3135 677 3202 At
704 3135 782 3220 quid
807 3134 945 3200 interest
966 3133 1052 3200 inter

64 3226 211 3307 periurum
238 3231 272 3292 et
294 3226 503 3291 mendacem?
544 3224 606 3302 Qui
628 3223 760 3291 mentiri
783 3223 880 3308 solet,
907 3221 1052 3307 peierare

42 3316 221 3392 sumussic.
263 3313 366 3392 Quem
385 3335 455 3401 ego,
477 3318 515 3379 ut
532 3313 719 3398 mentiatur,
741 3312 891 3377 inducere
909 3332 1052 3395 possum,

65 3405 92 3466 ut
113 3404 246 3490 peieret,
273 3425 407 3469 exorare
432 3402 528 3468 facile
553 3406 676 3488 potero.
721 3399 807 3466 Nam
831 3399 887 3484 qui
909 3399 1053 3463 semela

64 3492 184 3560 umnec
217 3492 361 3580 deflexit,
392 3491 446 3557 hic
477 3512 544 3558 non
575 3490 697 3556 maiore
729 3488 887 3574 religione
920 3485 961 3551 ad
982 3503 1052 3567 per-
