2470 3936
164 165 231 230 452
399 239 409 246 ,
479 163 519 219 ru
540 165 568 220 o.
583 162 738 218 vaaaau
754 162 834 218 101.
853 163 888 220 11

164 313 201 375 ut
229 313 263 374 et
288 308 353 394 ipsi
379 308 557 412 praedones
585 308 705 373 scirent
732 311 767 373 ct
792 311 864 373 tota
887 306 1051 393 prouincia
1071 307 1150 372 111111

110 402 578 570 13688Θ1111111111111111111
600 484 685 550 hano
708 483 881 550 avaritiam
902 484 1034 550 nomine
1057 485 1155 550 classis

166 579 253 641 essct
278 574 313 640 in
335 571 458 656 Sicilia,
484 594 521 637 re
547 571 677 656 quidem
703 593 781 637 uera
807 593 907 638 naves
934 572 1062 656 inanes,
1088 593 1157 656 quac

165 663 320 748 praedam
346 660 503 745 praetori,
529 681 596 726 non
622 681 704 745 quae
730 659 949 745 praedonibus
972 665 1097 726 metum
1115 661 1179 725 adl

165 752 302 834 ferrent,
328 753 452 831 tamen,
477 770 550 814 cum
568 748 603 812 Ρ.
616 745 785 814 Caesetius
808 752 842 812 et
863 747 899 812 P.
918 747 1040 816 Tadius
1064 749 1163 814 decem

165 839 302 906 naribus
331 837 397 902 suis
426 836 613 922 semiplenis
635 837 842 922 navigarent,
868 858 987 902 navem
1011 837 1164 922 quandam

165 927 346 1012 piratarum
365 925 486 1011 praeda
503 925 657 991 refertam
679 945 746 989 non
768 928 932 1009 ceperunt,
955 925 1014 990 sed
1036 927 1164 992 abduxe-

165 1019 242 1080 runt
261 1035 357 1080 onero
381 1035 438 1078 suo
461 1013 558 1098 plane
582 1016 711 1097 captam
734 1015 832 1096 atque
856 1012 1053 1097 depressam.
1091 1013 1164 1078 Erat

166 1125 205 1169 ea
222 1103 315 1169 navis
333 1103 431 1187 plena
448 1100 625 1167 iuventutis
643 1100 909 1184 formosissimae,
925 1102 1026 1186 plena
1045 1101 1165 1187 argenti
1177 1117 1196 1156 1⁰

165 1191 246 1257 facti
268 1195 365 1274 atque
388 1190 523 1276 signati,
549 1189 653 1254 multa
675 1210 749 1254 cum
772 1189 921 1275 stragula
943 1193 1045 1256 vesta
1085 1189 1166 1255 Haeo

166 1302 231 1345 una
250 1279 343 1345 navis
366 1301 386 1343 a
409 1278 512 1343 classe
533 1280 647 1343 nostra
668 1297 736 1342 non
757 1280 855 1362 capta
877 1281 938 1361 est,
960 1277 1018 1342 sed
1041 1277 1166 1344 inventa

167 1369 207 1432 ad
229 1366 443 1453 Megaridem,
471 1365 527 1451 qui
553 1365 643 1430 10111
669 1369 807 1430 estnon
829 1365 928 1452 longe
951 1389 972 1432 a
995 1363 1165 1450 Syracusis.

166 1454 257 1530 Quod
289 1455 347 1518 ubi
377 1454 434 1518 isti
464 1453 656 1519 nuntiatum.
681 1457 744 1536 est,
774 1453 909 1520 tametsi
934 1453 971 1520 in
999 1458 1075 1520 acta
1101 1477 1165 1522 cnm

166 1542 362 1608 mulierculis
385 1542 513 1607 iacebat
536 1542 657 1626 ebrius,
684 1541 787 1607 erexit
809 1563 844 1606 se
867 1545 979 1608 tamen
1001 1547 1036 1610 et
1060 1543 1202 1610 1111111111

167 1630 331 1715 quaestori
353 1630 527 1716 legatoque
550 1651 609 1695 sno
632 1629 782 1696 custodes
806 1629 897 1696 misit
920 1631 1166 1714 complanant

114 1733 148 1782 14
168 1720 276 1786 omnia
304 1718 367 1784 sibi
389 1719 518 1804 integra
541 1741 639 1802 quam
661 1718 803 1802 primum
825 1718 1065 1786 exhiberentur.
1105 1719 1167 1803 Ap-

166 1808 300 1894 pellitur
338 1807 431 1872 navis
468 1804 659 1892 Syracusas3
682 1809 906 1891 ‘exspectatur
942 1807 983 1872 ab
1023 1808 1168 1875 omnibus

167 1896 370 1982 supplicium.
404 1894 473 1960 Istc
492 1895 585 1978 quasi
601 1894 722 1979 praeda
741 1895 804 1959 sibi
826 1894 971 1978 advecta,
992 1917 1062 1962 non
1085 1917 1170 1982 prae

166 1985 304 2050 donibus
331 1983 449 2068 captis,
477 1981 506 2047 si
533 1982 588 2066 qui
615 2003 707 2047 senes
735 2004 772 2048 ac
795 1981 956 2048 deformes
980 1987 1090 2067 erant,
1117 1999 1206 2050 cosm

165 2074 200 2138 in
219 2072 364 2138 hostium
387 2092 520 2136 numero
544 2071 645 2154 ducit3
669 2071 724 2154 qui
747 2071 868 2154 aliquid
890 2070 1032 2156 formae,
1055 2073 1170 2138 aetatis

166 2158 358 2241 artificiique
372 2158 547 2242 habebant,
566 2157 696 2224 abducit
710 2158 826 2242 omnis,
843 2181 910 2226 non
922 2161 1034 2226 nullos
1049 2161 1171 2244 scribis,

164 2247 232 2311 filio
255 2245 444 2329 cohortique
467 2245 647 2328 distribuit,
670 2246 920 2331 symphoniacos
942 2248 1095 2314 homines
1118 2271 1172 2314 sex

166 2333 318 2420 quoidam
345 2332 448 2400 amico
476 2355 535 2399 suo
561 2334 697 2399 Romam
722 2334 848 2400 muneri
869 2335 969 2402 misit
1015 2336 1093 2403 Nox
1114 2338 1171 2402 illa

165 2427 238 2490 tota
263 2423 299 2488 in
326 2421 541 2488 exinaniunda
566 2443 649 2488 naue
677 2423 885 2489 consumitur.
926 2423 1207 2510 Archipiratamss

165 2513 273 2598 ipsum
298 2511 386 2576 videt
407 2532 517 2594 nemo,
544 2509 582 2575 de
606 2531 668 2594 quo
692 2510 884 2594 supplicium
908 2512 994 2576 sumi
1017 2513 1172 2597 oportuit.

165 2600 271 2666 Hodie
290 2621 400 2664 omnes
420 2599 466 2665 sic
483 2598 606 2664 hubent
624 2595 715 2683 (quid
738 2599 806 2664 eius
829 2599 882 2684 sit,
904 2621 963 2666 vos
986 2601 1172 2668 coniectura

167 2687 299 2772 adsequi
317 2684 466 2771 debetis),
488 2687 588 2752 istum
606 2687 692 2752 clam
710 2709 730 2751 a
751 2687 867 2771 piratis
892 2688 934 2753 ob
956 2687 1045 2754 hunc
1068 2689 1172 2756 archi-

113 2745 156 2872 ἕξ
166 2778 307 2863 piratam
342 2775 510 2860 pecuniam
538 2775 708 2859 accepisse.
740 2811 782 2822 -—
815 2773 1008 2842 Coniectura
1037 2781 1098 2842 111.
1129 2813 1173 2826 -

165 2865 265 2930 Iudex
280 2885 348 2928 csse
363 2863 467 2928 bonus
480 2884 576 2927 nemo
590 2865 708 2947 potest,
726 2863 783 2946 qui
796 2863 978 2949 suspicione
997 2869 1089 2930 certa
1108 2887 1174 2930 non
1185 2881 1207 2922 ³⁰

166 2955 322 3018 movetur.
371 2950 545 3016 Hominem
578 2950 695 3034 nostis,
729 2951 994 3018 consuetudinem
1026 2955 1172 3020 omnium

164 3040 298 3122 tenetis,
330 3041 385 3122 qui
418 3040 530 3105 ducem
558 3038 757 3124 praedonum
785 3043 842 3106 aut
868 3039 1013 3106 hostium
1041 3043 1172 3127 ceperit,

165 3149 263 3211 quam
291 3127 431 3192 libenter
459 3149 531 3192 eum
558 3126 668 3211 palam
696 3130 771 3192 ante
798 3129 909 3194 oculos
932 3128 1079 3194 omnium
1103 3151 1172 3196 asse

166 3214 320 3299 patiatur.
361 3214 535 3280 Hominem
557 3215 592 3280 in
614 3216 707 3279 tanto
731 3219 891 3281 conventu
913 3213 1083 3301 Syracusis
1107 3219 1172 3284 vidi

165 3301 339 3382 neminem,
367 3303 500 3385 iudices,
528 3302 583 3386 qui
610 3301 842 3387 archipiratam
869 3309 1000 3390 captum
1027 3327 1101 3372 sese
1126 3307 1205 3371 vi-³⁵

166 3385 250 3447 disse
274 3385 405 3470 diceret,
433 3411 507 3454 cum
529 3399 653 3473 omncs,
680 3394 717 3454 ut
739 3413 810 3456 mos
834 3396 896 3475 est,
924 3397 961 3458 ut
983 3393 1069 3459 solet
1092 3396 1172 3479 fieri,

166 3477 404 3552 concurrerent,
437 3481 640 3560 quaererent,
669 3477 776 3544 videre
803 3485 964 3566 cuperent.
1009 3479 1095 3554 Quid
1123 3505 1172 3550 ao·
