2402 3936
147 137 212 205 332
447 134 487 188 IN
506 133 533 190 C.
549 129 707 187 VERREM
723 129 802 186 ACT.
821 129 856 184 H.

146 282 280 366 moturi,
316 279 468 346 Metellus
505 277 634 362 quidem
671 279 758 341 certe
789 275 856 340 iam
886 273 949 340 hoc
981 273 1146 356 iudicabat,

148 393 259 437 eorum
276 390 347 434 rem
365 387 560 450 causamque
584 385 655 429 esse
678 363 892 447 coniunctam,
915 361 972 446 qui
996 366 1148 427 statueret

148 458 295 545 Apronio
328 456 541 522 condemnato
574 453 613 517 de
644 451 710 517 isto
739 450 973 535 praeiudicium
999 450 1149 515 futurum.

147 547 193 613 Et
216 545 312 611 simul
335 565 400 609 una
422 564 473 608 res
496 542 626 626 utrique
648 540 696 604 rei
718 543 770 604 est
793 542 1003 624 argumento,
1029 542 1063 604 et
1084 559 1151 603 are·

148 641 236 702 tores
263 634 297 699 vi
324 636 357 698 et
381 635 470 696 metu
493 633 623 696 coaetos
642 627 790 713 Apronio
813 627 918 692 multo
940 627 1030 712 plus,
1057 639 1175 711 quam⁵

149 721 327 804 debuerint,
344 718 479 802 dedisse,
498 722 531 782 et
545 716 726 802 Apronium
745 715 840 780 istius
859 737 929 780 rem
948 736 1007 781 suo
1024 736 1153 781 nomme

149 811 264 896 egisse,
287 830 360 873 curn
378 807 413 872 L.
427 806 579 872 Metellus
598 803 752 870 statuerit
774 825 841 869 non
863 823 959 888 posse
973 803 1153 888 Apronium

149 896 368 980 condemnari,
400 895 478 980 quin
510 893 607 959 simul
636 893 675 958 de
701 891 798 957 istius
826 891 945 957 scelere
973 894 1072 976 atque
1098 891 1154 956 im·

97 1044 117 1108 6
119 1044 140 1108 6
149 985 314 1086 probitate
335 983 553 1083 iudicaretur..
697 1067 770 1133 Tim
826 1067 892 1132 hi·
926 1066 975 1132 lib
1031 1067 1071 1081 ..
1110 1067 1116 1081 .

99 1121 184 1228 154et
215 1072 424 1244 dychldhhiludd
442 1067 921 1243 aliudplddhimdixero:wiotdulh
947 1070 1191 1221 hddllch'snlihln

151 1252 362 1317 decumanum
375 1269 539 1333 peroraro.
569 1244 660 1310 Haec
674 1245 816 1331 epistula
834 1247 894 1326 est,
910 1243 1043 1328 iudices,
1061 1266 1156 1328 qnam

150 1360 210 1404 nos
229 1335 395 1422 Syracusis
413 1337 448 1401 in
467 1335 599 1400 aedibus
609 1332 736 1418 Aproni
754 1355 828 1398 cum
845 1332 976 1398 litteras
995 1333 1158 1416 conquire
1197 1381 1198 1414 ff

149 1446 272 1510 remus,
298 1423 489 1489 invenimus.
532 1421 636 1487 Missa
662 1425 725 1505 est,
752 1425 790 1485 ut
815 1420 887 1506 ipsa
915 1419 1094 1506 signifieat,
1122 1443 1158 1484 ex
1197 1443 1198 1500 l

150 1513 279 1594 itinere,
303 1534 376 1577 cum
394 1511 514 1576 Verres
537 1511 603 1576 iam
626 1509 665 1574 de
687 1508 855 1593 provincia
877 1507 1087 1592 decessisset,
1110 1501 1198 1580 Ti·¹⁵l

151 1599 310 1665 marchidi
324 1621 422 1664 manu
436 1600 567 1682 scripto.
594 1597 717 1663 Recita.
744 1595 922 1663 EPISTULA
936 1595 1159 1662 Tmsncnmr.

153 1685 447 1750 TIMAROHIDES
462 1686 595 1752 Veners
619 1688 992 1753 recussusAPRoNlo
1001 1702 1159 1751 susurru

152 1793 258 1842 meru.
293 1775 364 1841 Iam
381 1775 444 1841 hoc
463 1775 591 1860 quidem
609 1795 675 1840 non
693 1771 902 1858 reprehendo,
920 1772 1009 1856 quod
1028 1773 1160 1839 ascribit

153 1862 339 1930 ‘accensus'.
374 1861 440 1929 Cur
463 1863 549 1929 enim
573 1861 636 1927 sibi
658 1861 720 1926 hoc
743 1861 868 1926 scribas
891 1860 955 1925 soli
978 1866 1159 1926 assumant:

153 1951 199 2016 ‘Ia
217 1951 383 2032 Phemius
416 1950 577 2017 scams'?
608 1951 684 2015 volo
714 1970 776 2036 ego
802 1949 865 2014 hoc
891 1969 962 2013 esse
992 1961 1194 2015 commune*

152 2060 373 2122 accensorum,
404 2038 569 2121 lictorum,
600 2037 772 2102 viatorum.
821 2035 892 2100 Fre
924 2053 1161 2103 Duronum

152 2142 341 2210 sumnus,
365 2140 461 2202 ouon
485 2141 533 2188 An
555 2141 750 2190 Pnsnroms
772 2141 1079 2190 nxlsumnrrouurr
1101 2144 1160 2192 Ar-

152 2229 270 2276 rluur.
310 2209 524 2277 Commendat
542 2211 688 2298 Apronio
706 2211 843 2278 Verrem
870 2215 903 2277 et
929 2212 1098 2297 hortatur,
1126 2219 1161 2278 ut

151 2299 292 2364 inimicis
311 2298 380 2365 eius
397 2299 540 2364 resistet.
581 2299 673 2365 Bono
696 2299 858 2387 praesidio
881 2301 1029 2366 munitur
1052 2302 1161 2367 existi-

152 2387 254 2454 matio
277 2392 348 2472 tua,
374 2387 532 2472 siquidem
554 2388 590 2452 in
608 2387 734 2474 Aproni
757 2388 966 2454 constituitur
990 2389 1192 2476 diligentis¹A

153 2479 250 2560 atque
278 2476 480 2543 auctoritate.
526 2475 646 2542 Hesus
674 2493 869 2560 vmrurmr,
897 2492 1160 2555 unocunuruur

101 2575 152 2625 rto
171 2565 277 2641 Quum
295 2564 425 2649 copiose
442 2563 594 2629 laudatur
605 2563 770 2648 Apronius
789 2587 810 2629 a
827 2563 1042 2650 Timarchide,
1065 2588 1160 2651 qnam

153 2651 336 2738 magnificet
374 2650 434 2717 Oui
448 2672 509 2738 ego
528 2653 623 2718 illum
640 2673 707 2722 non
723 2656 835 2737 putem
854 2653 982 2738 placere
1002 2659 1161 2738 oportere,

153 2740 209 2824 qui
240 2744 334 2806 tanto
366 2761 462 2824 opere
495 2739 694 2806 Timarchidi
725 2740 883 2824 probatus
915 2740 981 2805 sit?
1031 2741 1161 2824 Hisne,

153 2845 318 2894 sunsruu
342 2845 439 2893 suun
463 2843 596 2894 rscms.
640 2826 781 2894 Necesse
804 2831 867 2912 est,
895 2829 923 2893 si
946 2827 1026 2912 quid
1048 2831 1197 2896 redon-³⁰l

153 2915 239 2980 darit
258 2916 297 2981 de
314 2920 424 2981 vestro
442 2914 656 2982 frumentario
680 2919 826 3001 quaestu,
849 2915 890 2980 ad
912 2916 1008 2982 illurn
1030 2919 1161 3002 potissi-

153 3024 251 3085 mum,
269 3025 328 3088 per
346 3025 441 3088 quem
461 3004 619 3090 agebatis,
639 3004 816 3069 defluxisse.
849 3001 1005 3088 Somne,
1023 3022 1160 3072 APPARI-

153 3105 263 3154 uonus
304 3107 475 3157 sumnus
517 3109 656 3174 suumn,
699 3108 771 3158 esu
811 3091 847 3156 L.
883 3090 1060 3178 Vonrnro,
1101 3111 1161 3171 our

152 3193 334 3242 snuuruuu
361 3195 509 3261 sounsr,
541 3195 670 3263 orsos,
699 3196 860 3246 sonorus.
904 3178 1036 3264 Videte,
1064 3203 1159 3266 quam

153 3262 247 3327 valde
275 3264 420 3331 malitiae
448 3287 526 3331 suse
553 3267 694 3333 confidat
716 3266 951 3353 Timarchides,
979 3269 1036 3352 qui
1062 3270 1192 3334 suana

153 3346 299 3446 Apronio
327 3351 536 3435 inprobitatis
559 3359 734 3439 praecepta
756 3355 819 3422 det.
862 3353 934 3422 lam
957 3356 1021 3422 hoc
1044 3355 1158 3440 ‘caede

153 3433 308 3500 concide’l
329 3457 436 3502 nonne
459 3440 553 3505 vobis
576 3443 676 3508 verba
699 3443 795 3508 domo
818 3443 949 3528 patroni
972 3444 1159 3529 depromere
