2386 3938
288 163 355 218 nna
375 164 389 216 1
421 162 497 219 919.
517 169 585 218 99-
589 170 635 218 as·
641 171 657 230 s
676 170 744 220 99-
747 171 789 220 99
981 165 1045 230 193

45 307 145 374 omnia
172 307 312 373 testibus
340 308 469 397 integra
494 309 681 391 reservab03
707 308 802 392 illud,
832 309 918 393 quod
939 330 1044 393 neque

45 396 136 461 999999
171 396 240 461 ullo
277 378 377 461 modo
407 417 511 479 neque
543 395 607 462 dici
637 417 698 481 pro
731 359 893 482 digriitate
924 402 1044 482 potest,

45 484 230 570 cognoscite
271 484 358 548 Milit
344 488 394 549 tes
417 485 620 570 remigesque
642 484 793 549 Miletum
815 484 935 568 Myndo
959 486 1045 568 pedi·
1064 499 1097 546 99

45 575 98 637 bus
116 573 235 637 9999999
257 573 389 656 iubet,'
379 594 448 656 ipse
473 594 705 657 myoparonem
727 572 983 657 pulcherrimum
1006 573 1045 638 de

25 661 144 726 99199999
175 659 378 725 Milesiorum
409 661 547 725 navibus
581 662 719 726 electum
746 660 781 726 Ia
805 661 916 747 Magio
949 665 982 725 99
1009 660 1044 726 Ia

44 747 169 831 Fannio,
193 749 249 833 qui
266 749 379 832 Myndi
401 749 606 833 habitabant,
628 749 782 814 vendidit.
822 750 867 814 Hi
891 753 967 814 sunt
989 749 1046 815 ho-

46 838 147 920 999999,
162 858 244 920 quos
259 859 362 922 nuper
377 842 508 902 senatus
522 838 557 901 in
569 838 714 903 hostium
727 859 863 903 numero
877 837 1043 903 habendos

46 925 173 1008 censuit3
205 926 268 990 hoo
299 926 350 990 9119
381 927 512 1011 navigio
546 926 587 990 ad
619 948 730 991 omnes
761 927 875 1011 populi
903 926 1045 992 Romani

45 1013 146 1078 hostes
178 1036 281 1099 usque
313 1015 354 1078 ab
381 1013 500 1079 Dianio
534 1014 633 1098 [quod
656 1015 693 1080 in
718 1013 881 1099 Hispania
907 1017 969 1095 est]
1004 1015 1045 1079 ad

19 1100 192 1187 nSinopam
216 1105 312 1186 [quae
335 1102 370 1166 in
391 1102 497 1168 Ponto
521 1105 584 1183 est]
607 1103 854 1189 navigaverunt.

102 1191 137 1274 Ο,
160 1191 195 1254 di
215 1190 433 1274 immortales,
457 1191 680 1256 incredibilem
705 1191 876 1256 avaritiam
900 1191 1044 1276 singula·

46 1301 165 1363 remque
180 1278 362 1344 audaciam!
393 1277 520 1344 Navem
533 1283 571 1344 tu
587 1278 626 1344 de
645 1281 749 1345 919999
767 1279 882 1364 populi
895 1278 1044 1362 Romani,

47 1387 132 1449 quam
145 1367 210 1432 tibi
222 1366 351 1432 Milesia
369 1367 494 1450 civitae,
510 1371 548 1431 ut
566 1371 600 1432 99
617 1372 876 1452 prosequeretur,
895 1367 1045 1450 dedisset

49 1476 133 1520 ausus
157 1477 192 1520 99
214 1454 375 1521 vendere?
416 1452 452 1519 Si
473 1418 507 1520 te
530 1456 722 1541 magnitudo
746 1456 910 1538 maleficii,
936 1455 965 1520 si
986 1456 1044 1520 ho-

23 1544 158 1608 9999999
173 1535 372 1608 existimatio
386 1565 453 1609 non
468 1545 631 1628 movebat,
647 1566 689 1608 ne
706 1544 789 1610 illud
808 1505 937 1629 quidcin
956 1545 1045 1630 cogi

49 1632 143 1714 991999,
180 1631 276 1696 huius
308 1631 543 1715 improbissimi
574 1594 655 1697 fuiti
688 1633 755 1698 sive
789 1633 868 1698 adeo
900 1633 1044 1698 nefariae

50 1683 173 1800 praedae
186 1725 257 1785 tam
270 1721 433 1785 illustrem
447 1742 485 1786 ac
498 1725 567 1785 tam
581 1720 725 1785 nobilem
739 1721 906 1785 civitatem
924 1724 1043 1784 testem

49 1806 201 1907 futurem?
247 1808 313 1892 An,
340 1809 417 1892 quia
444 1813 515 1873 tum
543 1807 600 1873 On.
618 1808 794 1874 Dolabella
812 1809 851 1872 in
873 1829 960 1890 eum,
989 1808 1044 1890 qui
1062 1821 1097 1870 99

50 1895 73 1958 99
95 1896 284 1981 myoparoni
310 1896 495 1981 praefuerat
516 1896 717 1980 Milesiisque
744 1916 815 1961 rem
842 1857 971 1981 gestam
997 1916 1044 1959 re-

25 1985 212 2069 9999999999,
187 1985 432 2050 tanimadvert
418 1989 486 2051 tere
500 1989 558 2049 tuo
572 1989 669 2072 rogat
670 2007 692 2048 u
706 1987 842 2050 conatus
859 1987 909 2048 999
927 2003 1044 2047 99999-

50 2071 313 2157 tiationemque
287 2094 364 2157 e1us,
383 2095 464 2174 quae
483 2075 580 2138 erat
571 2095 606 2138 m
624 2072 772 2159 publicas
791 2071 920 2137 litteras
938 2072 1044 2136 relata

50 2159 166 2226 illorum
179 2161 317 2246 legibus,
334 2124 436 2226 tilii
427 2165 575 2246 iusserat,
552 2161 712 2226 tidoiroo
726 2165 760 2226 99
774 2183 814 2226 ex
829 2160 892 2226 1999
910 2161 1044 2226 crimine

51 2249 179 2332 elapsum
214 2271 284 2313 esse
317 2250 542 2314 arbitrabare?
592 2248 678 2314 Mult
664 2253 735 2314 tum
766 2251 839 2314 99
830 2246 1043 2314 9999919191199
1055 2246 1097 2310 35

52 2336 154 2421 opinio,
172 2341 205 2402 et
220 2337 348 2421 quidem
366 2338 478 2402 multis
497 2339 532 2401 in
550 2338 640 2402 locis.
678 2335 812 2422 Semper
830 2339 917 2402 enim
928 2337 1044 2402 existi·

27 2425 143 2509 999999,
165 2430 199 2490 99
223 2426 362 2490 maxime
385 2426 420 2490 in
442 2423 562 2509 Sicilia,
585 2426 666 2491 satis
690 2430 821 2491 cautum
843 2426 906 2490 tibi
930 2426 970 2491 ad
993 2427 1044 2491 de·

53 2511 214 2578 tensionem
228 2513 307 2597 fore,
326 2515 355 2577 si
369 2518 425 2578 aut
438 2513 552 2578 referri
566 2514 689 2598 aliquid
703 2515 738 2577 in
751 2514 879 2578 litteras
896 2515 1043 2598 publicas

54 2602 191 2667 vetuisses
212 2606 279 2686 aut,
297 2601 383 2686 quod
401 2602 541 2667 relatum
560 2607 655 2686 esset,
676 2602 751 2666 tolli
769 2603 940 2688 coegisses.
973 2601 1044 2666 Hoc

55 2709 134 2769 quam
157 2689 242 2755 nihil
266 2690 323 2773 sit,
349 2689 482 2754 t'ametsi
506 2712 545 2754 ex
567 2690 680 2755 multis
704 2689 831 2756 Siciliae
856 2689 1043 2756 civitatibus

54 2777 143 2854 priore
162 2779 290 2844 actione
309 2741 458 2862 didicisti,
481 2782 593 2843 tamen
612 2779 743 2844 etiam'
733 2800 768 2843 m
790 2779 883 2844 1999
874 2800 947 2862 1psa
970 2777 1044 2841 civi-

29 2865 108 2928 clato
124 2887 290 2952 cognosce,
327 2864 409 2930 Sunt
427 2829 478 2931 9119
497 2867 626 2950 quidem
646 2868 731 2932 dicto
751 2867 882 2931 audient
883 2885 917 2929 99
918 2886 1044 2948 ,quam

57 2950 98 3016 diu
112 2955 254 3020 adsunt
212 2955 277 3040 tri,
302 2955 356 3038 qui
375 2955 551 3038 imperant3
575 2956 711 3021 simulac
730 2915 956 3037 discesserurit,
978 2973 1045 3019 non

57 3039 144 3108 solum
160 3043 244 3108 illud
261 3043 476 3127 perscribunt,
500 3043 586 3127 quod
604 3049 675 3109 tum
698 3041 857 3128 prohibiti
846 3002 965 3125 nsunt,
988 3041 1045 3106 sed

57 3127 138 3195 999999
156 3152 286 3198 causam
305 3131 501 3216 adscribunt,
478 3135 586 3196 tcur
607 3130 798 3196 nontam
789 3151 824 3194 m
846 3129 974 3196 19999999
997 3152 1045 3193 re·

57 3211 142 3362 {ntum
168 3221 220 3285 sit.
268 3219 402 3284 Manent
428 3182 511 3297 99999
539 3221 578 3284 199
564 3224 669 3284 999999
695 3218 815 3300 Μ91999,
842 3223 975 3283 manent
961 3221 1045 3301 t,et
1065 3230 1096 3280 89

32 3301 118 3368 35(1999
142 3309 202 3373 erit
226 3308 286 3373 9119
308 3308 437 3391 9999999,
465 3268 815 3372 9999919999.Β99999
837 3307 922 3371 enim
944 3327 1044 3371 naves

60 3387 183 3460 99999919
202 3395 355 3461 Μ999999
382 3397 523 3482 populus
545 3395 694 3460 Milesius
722 3417 761 3461 999
787 3395 924 3482 pecunia
948 3396 1045 3460 vecti-

61 3480 112 3556 99ὶί
135 3483 251 3569 populo
275 3484 423 3550 Romano
450 3485 586 3567 fecerat,
615 3485 697 3550 sicut
724 3506 784 3569 pro
813 3506 872 3549 sua
900 3503 1062 3567 quaeque
