2386 3938
132 104 198 170 104
374 101 413 156 IN
433 101 456 168 Q
484 100 682 157 CAECILIUM
702 101 902 158 DIVINATIO.

129 243 336 313 familiariter
359 246 545 312 inimicitias
569 267 716 312 exercere
739 246 877 312 videare.
917 246 1047 312 Deinde
1075 253 1155 313 sunt

131 341 231 401 testes
262 337 323 401 viri
353 335 525 401 clarissimi
556 338 689 400 nostrae
721 334 878 418 civitatis,
916 356 999 420 quos
1034 355 1151 401 omncs

77 465 79 470 .
131 447 150 490 a
183 447 234 490 me
271 424 430 490 nominari
461 427 527 488 non
558 426 609 488 est
640 443 784 506 neccsse3
822 444 890 507 eos,
927 424 986 507 qui
1018 425 1152 505 adsunt,

131 513 318 599 appellab03
342 533 437 596 quos,
461 511 488 576 si
511 510 681 595 mentirer,
703 514 805 576 testes
829 532 899 575 esse
921 511 1152 596 impudentiae

130 621 220 666 meae
253 601 384 666 minime
415 600 541 664 vellem.
591 596 659 665 Scit
691 599 732 683 is,
765 598 819 684 qui
852 603 902 663 cst
934 599 971 664 in
999 599 1176 683 consilio,s

130 688 165 754 C.
183 689 366 772 Marcellus,
390 687 452 752 scit
474 687 511 771 is,
535 709 630 770 quem
653 687 766 752 adesse
784 686 888 771 video,
908 685 966 752 Cn.
986 687 1153 752 Lentulus

129 776 351 859 Marcellinus3
370 797 506 860 quorum
524 775 587 840 fide
601 779 698 859 atquc
712 773 873 860 praesidio
888 772 991 840 Siculi
1003 776 1152 840 maxime

130 867 294 946 nituntur,
319 864 406 948 quod
436 863 567 928 omnino
589 861 820 929 Marcellorum
842 863 969 928 nomini
989 867 1068 928 tota
1091 863 1152 928 illa

77 974 112 1024 14
130 953 299 1039 provincia
327 952 478 1019 adiuncta
505 956 564 1016 cst.
613 949 659 1015 Hi
687 952 794 1016 sciunt
820 949 883 1016 hoc
909 973 975 1016 non
1003 951 1152 1016 modoa

130 1063 182 1106 mc
200 1040 339 1126 pet'tum
359 1061 438 1123 esse,
461 1039 583 1105 sedita
605 1059 701 1125 saepe
725 1043 758 1104 ct
780 1039 831 1104 ita
850 1039 1065 1104 vehementer
1080 1061 1152 1104 esse
1164 1063 1185 1103 a

130 1130 283 1216 petitum,
317 1133 355 1194 ut
387 1131 444 1194 aut
475 1147 574 1193 causa
605 1127 687 1192 mihi
719 1127 922 1212 suscipienda
954 1127 1059 1192 fuerit
1095 1130 1152 1193 aut

131 1216 275 1283 officium
301 1215 562 1282 necessitudinis
580 1215 823 1301 repudiandum.
875 1213 938 1281 Sed
971 1215 1052 1299 quid
1089 1237 1151 1302 ego

130 1305 182 1371 his
210 1306 351 1371 testibus
379 1308 467 1388 utor,
497 1303 591 1388 quasi
618 1325 670 1368 res
698 1303 796 1368 dubia
823 1306 880 1368 aut
906 1303 1047 1368 obscura
1084 1305 1151 1368 sit?

131 1393 261 1459 Adsunt
293 1393 440 1458 homines
473 1413 512 1455 cx
542 1395 616 1456 tota
646 1391 813 1476 provincia
843 1390 1058 1474 nobilissimi,
1095 1392 1150 1476 qui

130 1485 318 1566 praesentes
341 1501 399 1544 vos
423 1482 519 1544 orant
543 1482 640 1563 atque
668 1480 852 1563 obsecrant,
881 1479 1018 1564 iudices,
1045 1484 1089 1544 ut
1117 1481 1184 1543 inu

130 1572 240 1634 actore
264 1589 378 1632 causae
402 1587 479 1632 suae
503 1566 672 1652 deligendo
690 1571 838 1632 vestrum
852 1567 1009 1632 iudicium
1028 1568 1074 1632 ab
1089 1589 1149 1632 suo

129 1655 247 1722 iudicio
267 1677 307 1720 ne
326 1655 495 1740 discrepet.
531 1653 684 1720 Omnium
703 1655 871 1720 civitatum
890 1655 994 1722 totius
1014 1653 1149 1720 Siciliae

130 1745 312 1832 legationes
353 1743 472 1808 adsunt
511 1747 641 1828 praeter
682 1742 761 1822 duas
799 1742 964 1826 civitates3
1005 1765 1149 1827 quarum

131 1834 267 1898 duarum
287 1831 316 1898 si
334 1831 494 1915 adessent,
516 1831 578 1895 duo
593 1831 729 1896 crimina
741 1832 793 1896 vel
808 1830 949 1896 maxima
964 1831 1150 1896 minueren-

130 1925 198 2004 tur,
225 1942 307 2006 quae
335 1943 407 1986 cum
433 1919 486 1984 his
513 1919 702 1985 civitatibus
730 1917 764 1982 Ο.
786 1917 882 1982 Verri
905 1920 1184 1986 communicatam

79 2029 112 2080 15
132 2016 216 2074 sunt.
258 2011 303 2072 At
322 2009 408 2073 enim
432 2029 488 2072 cur
511 2030 530 2071 a
554 2027 605 2071 me
628 2006 835 2090 potissimum
859 2006 922 2072 hoe
943 2008 1147 2092 praesidium

130 2095 338 2182 petiverunt?
374 2093 407 2158 Si
426 2098 512 2158 esset
531 2094 672 2178 dubium,
690 2095 850 2179 petissent
867 2117 976 2178 necne,
995 2096 1149 2180 dicerem,

131 2205 189 2249 cur
210 2183 378 2266 petissent.
424 2180 517 2246 Nunc
539 2204 616 2248 vcro
639 2204 713 2247 cum
734 2183 768 2246 id
789 2182 838 2246 ita
859 2183 1067 2268 perspicuum
1095 2186 1148 2268 sit,

132 2277 169 2336 ot
197 2271 299 2336 oculis
326 2269 467 2334 iudicare
494 2269 642 2354 possitis,
669 2271 791 2352 neseio,
818 2292 875 2335 cur
902 2271 964 2336 hoc
987 2271 1069 2336 mihi
1096 2273 1148 2337 de

130 2360 286 2423 trimento
310 2379 379 2422 esse
403 2357 527 2442 debeat,
551 2359 580 2422 si
599 2357 632 2421 id
651 2357 731 2422 mihi
750 2358 918 2441 obicietur,
941 2381 993 2423 me
1011 2361 1147 2444 potissi·
1159 2383 1180 2422 a

80 2469 113 2518 re
132 2467 221 2512 mum
246 2466 315 2511 esse
339 2446 507 2512 delectum.
552 2445 674 2511 Verum
701 2445 733 2509 id
762 2446 842 2510 mihi
868 2469 934 2511 non
962 2469 1067 2531 sumo,
1098 2450 1147 2513 iu·

133 2535 231 2618 dicer,
259 2533 380 2601 etheo
406 2555 473 2599 non
500 2532 596 2598 modo
624 2535 659 2597 in
685 2533 832 2599 oratione
860 2556 932 2599 mea
957 2555 1025 2600 non
1046 2558 1147 2622 pono,

133 2623 187 2688 sed
211 2645 251 2686 ne
280 2623 314 2686 in
343 2623 493 2706 opinione
521 2622 651 2705 quidem
683 2622 872 2707 cuiusquam
900 2623 1063 2708 relinquo,
1092 2647 1145 2689 me

132 2710 281 2776 omnibus
306 2711 452 2796 patronis
476 2731 545 2774 esse
567 2710 812 2795 praepositum
839 2709 916 2775 Non
932 2710 981 2776 ita
999 2716 1064 2794 est,
1087 2713 1147 2777 sed

131 2799 227 2865 unius
263 2799 418 2882 cuiusque
453 2797 624 2882 temporis,
659 2798 868 2882 valetudinis,
900 2799 1069 2864 facultatis
1104 2801 1180 2865 adso

132 2888 293 2974 agendum
321 2887 417 2952 dueta
446 2885 530 2950 ratio
558 2890 617 2950 est.
661 2884 735 2950 Mea
760 2885 824 2950 fuit
851 2908 979 2972 semper
1005 2888 1086 2953 haec
1109 2889 1145 2952 iu

131 2975 193 3040 hac
211 2976 416 3040 revolantes
436 2979 469 3038 et
493 2973 663 3057 sententia,
688 2974 833 3058 quemvis
856 2978 894 3039 ut
920 2973 982 3040 hoc
1010 2976 1144 3041 mallem

133 3063 173 3126 de
200 3063 257 3146 iis,
285 3062 340 3146 qui
363 3066 472 3126 essent
493 3061 613 3144 idonei,
639 3062 800 3146 suscipere
823 3084 921 3146 quam
943 3085 1010 3148 me,
1032 3085 1083 3129 me
1107 3067 1144 3128 ut

133 3149 266 3214 mallem
289 3171 386 3232 quarn
409 3149 578 3214 neminem.

93 3216 115 3282 5
200 3235 374 3320 Reliquum
402 3241 452 3301 est
482 3237 548 3300 iam
575 3239 612 3301 ut
639 3236 721 3301 illud
750 3258 955 3322 quaeramuS,
985 3260 1058 3304 curn
1081 3239 1142 3304 hoc
1155 3261 1179 3301 ss

83 3293 115 3343 Π
135 3327 275 3405 constet,
300 3322 425 3388 Siculos
449 3347 468 3389 a
490 3345 542 3388 me
564 3325 698 3408 petisse,
722 3325 836 3408 ecquid
858 3325 942 3390 hane
965 3348 1035 3391 rem
1058 3326 1141 3412 apud

133 3431 193 3476 vos
217 3409 405 3493 animosque
427 3413 554 3475 vestros
571 3412 679 3478 valere
698 3417 857 3497 oporteat,
876 3412 989 3498 ecquid
1007 3414 1140 3480 auctori·
