2392 3944
152 185 217 250 226
454 183 494 238 ΙΝ
513 183 542 240 G.
556 182 711 248 VERREM
727 181 807 238 Aen
828 183 862 238 ΙΙ.

152 329 220 396 Iste
233 329 332 394 homo
346 327 493 394 liberalis
506 331 607 414 negat
621 348 656 392 se
671 347 866 411 quemquam
881 327 1016 393 retinere
1033 347 1136 408 eorum,

153 418 210 502 qui
233 416 352 482 Petilio
380 417 502 482 vellent
529 416 650 481 adesse.
694 414 810 499 Itaque
838 415 1005 480 discedunt
1029 435 1136 497 omnes3

153 528 229 572 nam
253 505 352 572 aeteri
375 525 501 590 quoque
523 504 716 587 impetrant,
741 525 783 568 ne
806 503 1018 585 retineantur3
1041 503 1089 586 qui
1105 523 1136 566 se

154 594 238 660 velle
257 594 407 661 dicebant
426 592 577 658 alterutri
595 613 716 675 eorum,
739 591 795 675 qui
812 595 884 658 tum
901 589 984 659 illud
1004 590 1139 656 iudicium

153 682 332 766 habebant,
355 679 476 746 adesse.
516 679 631 764 Itaque
650 679 713 744 iste
736 679 826 744 solus
849 701 923 746 oum
946 701 1004 744 sua
1024 678 1165 746 cohortes

102 783 136 832 72
154 769 353 855 nequissima
374 768 578 852 relinquitur.
618 765 695 834 Non
718 766 890 836 dubitabat
912 766 1074 849 Minucius,
1093 765 1141 850 qui

155 856 330 941 Sopatrum
357 856 562 940 defendebat,
594 855 673 940 quin
699 854 776 939 iste,
808 855 962 940 quoniam
989 854 1141 921 eonsilium

156 944 345 1028 dimisisset,
372 944 431 1012 illo
459 944 510 1010 die
537 965 606 1010 rem
633 944 727 1010 illam
749 943 956 1028 quaesiturus
977 965 1042 1011 non
1062 945 1143 1022 esset,

155 1055 228 1188 ιιι
245 1031 934 1206 restiumtuturus?
958 1031 1023 1204 ‘et
1043 1027 1182 1184 uit

315 1172 324 1205 7
461 1171 470 1204 ἰ
929 1169 938 1204 t

155 1210 241 1276 mine
265 1207 373 1279 Siculo
396 1231 434 1275 ae
457 1207 615 1276 Graeculo
637 1206 796 1274 iudieem’
834 1207 985 1274 ‘Idoneus
1009 1206 1088 1289 [es]’,
1106 1207 1144 1270 in

155 1298 238 1382 quit,
262 1297 334 1365 ‘sed
356 1297 532 1383 pervellem
555 1297 706 1362 adessent
729 1297 765 1380 ii,
793 1295 849 1380 qui
872 1299 969 1362 antea
992 1295 1145 1362 adfremit

156 1407 350 1471 causamque
373 1384 572 1472 cognorant'
616 1383 709 1468 ‘Die',
731 1385 852 1469 inquit3
876 1382 939 1450 ‘illi
962 1384 1073 1450 adesse
1091 1403 1146 1448 non

154 1473 313 1558 possunt?
359 1473 460 1540 ‘Nam
483 1472 638 1558 heroule',
665 1473 772 1556 inquit
793 1472 968 1555 mumius,
993 1471 1061 1540 ‘ma
1082 1491 1145 1554 quo·
1187 1527 1188 1538 ,

104 1574 138 1624 ts
157 1583 218 1646 que
244 1561 394 1646 Petilius,
424 1565 462 1628 ut
491 1560 554 1626 sibi
580 1561 615 1626 in
641 1561 777 1626 sonatio
805 1581 923 1642 essem,
951 1559 1094 1646 rogavit'
1119 1559 1144 1621 et
1158 1571 1188 1628 ιιι

157 1650 254 1716 simul
277 1673 297 1718 a
319 1649 483 1717 subselliis
506 1649 596 1714 abire
618 1648 734 1734 eoepit.
777 1647 846 1714 Iste
868 1648 972 1714 iratus
995 1647 1145 1715 hominen
1187 1695 1188 1714 ι

156 1739 264 1804 verbis
291 1737 586 1806 vehementioribus
613 1736 821 1822 prosequitur
848 1739 946 1820 atque
972 1736 1004 1802 ei
1030 1735 1147 1822 gratim
1187 1767 1188 1804 1

156 1827 256 1893 etiam
283 1827 401 1894 minari
427 1825 547 1911 eoepit,
576 1825 662 1910 quod
688 1825 723 1890 in
750 1846 784 1890 se
811 1828 940 1891 tantum
968 1823 1089 1890 erimen
1108 1823 1147 1886 iu-
1187 1859 1188 1896 3

103 1911 340 2000 30vidiamque
368 1914 530 1984 conflaret
569 1912 744 1995 Minucius,
770 1912 826 1995 qui
849 1909 1017 1996 Syrasusis
1040 1912 1086 1978 sie
1105 1931 1149 1974 na·

158 2004 351 2089 gotiaretur,
378 2007 415 2067 ut
442 2003 493 2068 sui
519 2001 599 2068 iuris
627 2000 861 2087 dignitatisque
887 2000 1099 2084 meminisset,
1123 2001 1150 2061 et
1159 2011 1186 2052 ιι

158 2091 213 2172 qui
231 2091 329 2156 soiret
347 2111 381 2156 se
399 2090 448 2155 ita
465 2091 499 2156 in
519 2089 686 2175 provincia
708 2111 777 2155 rem
800 2107 919 2173 augere
941 2093 1101 2173 oportere,
1120 2089 1150 2149 ut

156 2199 197 2242 ne
228 2177 306 2261 quid
332 2178 371 2242 de
398 2178 551 2243 libertate
578 2176 778 2262 deperderet,
809 2176 949 2259 homini,
981 2198 1065 2261 quae
1091 2175 1151 2240 risa

158 2268 246 2347 sunt,
274 2269 307 2330 et
332 2286 414 2350 quae
437 2269 565 2348 tempus
587 2265 669 2331 illud
691 2265 768 2329 tulit
790 2267 824 2330 et
847 2285 956 2348 eausa,
984 2263 1151 2349 respondit,

157 2374 287 2419 oausam
321 2373 391 2418 sese
422 2353 555 2420 dimisso
583 2357 680 2438 atque
708 2353 862 2438 ablegato
889 2351 1027 2418 consilio
1054 2350 1152 2416 delen-
1186 2387 1187 2434 3

158 2463 269 2506 surum
286 2441 427 2528 negarit.
466 2441 583 2526 Itaque
603 2465 623 2506 a
646 2440 810 2507 subselliis
833 2440 990 2523 discessit,
1013 2440 1187 2524 idemqueat

156 2530 219 2597 hoo
245 2534 374 2615 praeter
397 2527 522 2600 Siculos
549 2529 649 2596 aeteri
672 2527 803 2614 Sopatri
831 2528 927 2594 amisi
949 2529 1153 2611 advocatique
1186 2529 1187 2600 ι

8 2653 9 2692 ;
105 2621 140 2670 ⁷4
156 2619 311 2685 feserunt.
346 2617 414 2683 Iste
432 2639 628 2702 quamquam
651 2621 702 2682 est
712 2617 895 2684 incredibili
914 2616 1154 2702 importunitate
1186 2607 1187 2630 ¹

158 2711 191 2772 et
221 2706 368 2791 audacia,
399 2710 509 2774 tamen
536 2705 644 2772 subito
673 2704 763 2770 solus
790 2703 968 2770 destitutus
994 2703 1154 2789 pertimuit

158 2800 191 2862 et
213 2795 427 2864 oonturbatus
449 2798 512 2877 est3
539 2793 616 2878 quid
638 2797 765 2881 ageret,
787 2814 852 2877 quo
876 2809 911 2858 se
932 2796 1090 2877 verteret,
1110 2813 1155 2856 na·

159 2883 289 2950 seiebat.
331 2881 366 2948 Si
393 2881 569 2950 dimisisset
593 2901 631 2950 eo
654 2884 800 2966 tempore
824 2880 1062 2965 quaestionem,
1088 2881 1183 2966 posta

157 2971 225 3036 illis
244 2969 398 3037 adhibitis
416 2970 451 3034 in
468 2969 650 3052 eonsilium,
672 2989 753 3053 quos
772 2968 951 3054 ablegaret,
975 2969 1154 3034 absolutum

157 3057 198 3121 iri
226 3057 399 3143 Sopatrum
426 3057 571 3140 ridebat3
602 3057 653 3124 sin
680 3060 788 3122 autem
815 3056 981 3123 hominem
1008 3057 1154 3123 miserum

93 3168 95 3172 ·
158 3146 256 3229 atque
273 3146 478 3212 innocentem
495 3145 544 3209 ita
565 3145 819 3228 condemnasset,
842 3166 916 3212 oum
937 3144 1008 3229 ipse
1032 3148 1155 3230 praetor

159 3233 228 3297 sine
260 3233 409 3317 coneilio,
440 3253 514 3298 reus
543 3236 652 3298 autem
679 3233 748 3298 sine
774 3236 913 3318 patrono
941 3237 1041 3316 atque
1069 3233 1155 3300 adro

159 3319 240 3383 eatis
262 3319 388 3402 fuisset,
409 3320 626 3404 iudiciumque
644 3319 679 3387 Ο.
698 3319 880 3388 Saoerdotis
903 3320 1097 3406 rescidisset,
1116 3321 1186 3384 iuss

159 3402 279 3468 sidiam
312 3426 346 3468 se
378 3407 537 3472 sustinere
563 3412 691 3474 tantam
717 3429 814 3494 posse
840 3429 908 3474 non
935 3409 1154 3476 arbitrabatur.
1185 3479 1186 3482 ,

157 3487 273 3570 ltaque
305 3492 476 3556 aestuabat
503 3495 719 3579 dubitatione,
751 3497 905 3562 versabat
932 3517 968 3562 sa
994 3501 1154 3580 utramque
1185 3527 1186 3610 ,
