2414 3936
280 167 376 225 ΗΜ
413 170 489 228 cAP.
510 177 551 240 ιι,
572 177 604 227 rs
624 179 770 239 sae-41.
968 174 1032 241 155

37 314 170 378 tissimus
200 334 270 378 essa
296 314 421 398 debuit,
449 315 490 380 ab
506 306 548 381 'se
571 315 736 382 hominem
759 322 857 402 atque
880 319 922 382 ab
945 340 1031 384 exer-

36 404 95 466 citu
111 424 167 467 suo
185 402 339 485 removit3
356 401 535 468 Beneventi
552 425 623 471 esse
641 405 738 470 iussit
756 407 842 490 apud
862 427 927 490 eos,
949 427 1030 490 quos

36 491 95 554 suis
119 490 268 575 partibus
295 490 509 556 amicissimos
537 512 608 558 esse
634 493 862 580 intellegebat,
888 494 945 559 ubi
967 495 1031 558 iste

36 599 168 644 summac
186 578 235 643 rei
253 599 431 662 causaeque
450 600 564 645 nocere
584 581 668 646 nihil
690 585 810 668 posset.
851 580 892 648 Ei
915 586 1031 667 postea

14 666 169 749 spraemia
186 671 298 732 tamen
316 667 497 754 liberaliter
518 668 644 754 tribuit,
666 670 753 736 bona
776 671 934 755 quaedam
957 691 1030 756 pro

35 755 218 839 scriptorum
244 754 280 819 in
305 775 386 841 agro
408 754 637 823 Beneventano
660 758 841 844 diripienda
863 757 1030 840 concessit,

34 843 137 907 hebuit
168 843 325 908 honorem
356 848 394 908 ut
425 844 598 929 proditori,
631 867 697 911 non
727 851 765 911 ut
793 847 896 913 amieo
923 847 1030 912 fidem.

34 929 115 996 Nunc
136 931 284 1014 quamvis
307 931 374 996 sint
396 931 544 997 homine·
567 934 623 1018 qui
645 938 811 1000 mortuum
833 933 891 1000 On
910 933 1030 1000 Carbo·
1048 949 1082 998 ss

33 1039 96 1083 nem
113 1019 256 1103 oderint,
280 1023 392 1085 tamen
413 1020 448 1085 hi
472 1020 603 1106 debent,
625 1043 692 1088 non
714 1023 791 1106 quid
813 1023 864 1087 illi
887 1023 1029 1088 accidere

5 1125 23 1163 1⁰
34 1107 198 1193 voluerint,
229 1106 286 1172 sad
317 1107 394 1192 quid
420 1108 501 1192 ipsis
528 1109 564 1174 in
590 1110 651 1174 tali
679 1131 714 1175 re
740 1111 949 1176 metuendum
976 1111 1029 1193 sit,

33 1196 174 1280 cogitare.
211 1193 390 1261 Commune
409 1200 459 1260 cst
477 1196 539 1262 hoc
557 1199 689 1283 malum,
710 1198 890 1264 communis
913 1202 1029 1282 metus,

33 1305 190 1350 commune
211 1284 400 1369 perieulum.
434 1284 554 1350 Nullae
577 1289 653 1352 sunt
676 1287 869 1353 occultiores
891 1286 1029 1352 insidiae

34 1392 119 1453 quam
147 1393 217 1456 eae,
244 1393 327 1456 quae
354 1373 459 1437 latent
485 1373 520 1437 in
547 1375 755 1441 simulatione
782 1373 882 1441 officii
910 1380 966 1441 aut
994 1375 1030 1439 in
1141 1414 1146 1430 =

34 1460 130 1544 aliquo
156 1459 404 1526 necessitudinis
427 1461 567 1529 nomina.
614 1461 811 1548 Nemeum,
839 1464 896 1548 qui
915 1464 1029 1549 palam

6 1564 23 1603 u
34 1551 74 1610 est
90 1547 302 1632 adversarius,
322 1547 419 1614 facila
437 1551 579 1616 carendo
598 1552 703 1618 vitare
723 1553 843 1639 possis3
867 1553 929 1618 hoc
951 1573 1028 1618 vero

34 1637 183 1702 occultum
200 1636 391 1701 intestinum
410 1659 448 1704 ao
466 1639 680 1705 domesticum
697 1641 821 1706 malum
843 1662 910 1706 non
931 1639 1028 1706 modo

34 1724 164 1807 exsistit,
189 1746 303 1790 verum
326 1726 426 1790 etiam
449 1728 619 1812 opprimit,
646 1732 821 1812 antequam
843 1729 1028 1812 prospicere

34 1816 118 1895 atque
140 1813 311 1897 explorare
332 1815 487 1897 potueris.
531 1814 625 1880 Itane
647 1817 747 1880 vero?
777 1820 814 1880 tu
837 1837 910 1880 cum
934 1835 1028 1898 quae·
1046 1826 1082 1877 40

34 1905 90 1964 stur
115 1900 157 1966 ad
184 1901 361 1966 exercitum
388 1903 506 1968 missus
534 1903 593 1987 sis,
620 1905 729 1968 custos
756 1924 824 1968 non
846 1902 953 1967 solum
975 1922 1029 1984 pe-

5 1988 146 2073 2tcuniae,
174 1990 230 2054 sed
258 1990 357 2054 etiam
382 1991 538 2075 consulis,
565 1991 729 2076 particeps
753 1990 898 2056 omnium
920 2010 1029 2054 rarum

34 2077 293 2161 consiliorumque
322 2076 436 2162 fueris,
467 2079 600 2145 habitus
632 2079 677 2144 sis
709 2079 745 2144 in
775 2078 914 2143 liberum
946 2077 1029 2158 loco,

33 2164 104 2229 sicut
121 2187 194 2230 mos
213 2165 372 2231 maiorum
388 2164 525 2251 ferebat,
542 2171 675 2253 repente
692 2167 868 2252 relinquas,
889 2167 1037 2247 deseras,-

33 2252 64 2314 ad
91 2253 290 2319 adversarios
317 2255 487 2320 transeas?
528 2254 556 2320 0
584 2256 702 2338 scelus,
732 2277 751 2320 o
778 2259 967 2340 portentum
993 2255 1028 2317 in

32 2341 153 2406 ultimas
186 2346 292 2408 terras
326 2342 573 2426 exportandum!
623 2342 699 2408 Non
731 2344 817 2408 anim
848 2347 958 2428 potest
990 2363 1029 2406 ea

6 2433 150 2514 tratura,
186 2451 269 2513 quae
305 2433 433 2495 tautum
463 2429 589 2496 facinus
621 2431 833 2515 commiserit,
869 2431 931 2497 hoo
962 2451 1027 2496 uno

32 2518 139 2583 scelere
158 2539 229 2583 essa
247 2521 413 2602 contenta3
435 2523 566 2584 necesse
589 2523 640 2584 est
662 2539 789 2603 semper
812 2519 936 2603 aliquid
959 2519 1027 2582 eius

33 2605 108 2669 nodi
129 2606 294 2689 moliatur,
315 2627 446 2671 necesse
471 2611 522 2671 est
543 2606 579 2670 in
601 2607 701 2671 simili
724 2606 860 2672 audacia
881 2606 1028 2692 perfidia·

32 2712 84 2773 que
105 2697 261 2758 versetur.

86 2779 200 2866 Itaque
226 2781 313 2847 idem
339 2783 416 2866 iste,
443 2803 539 2865 quem
562 2779 620 2850 (lu.
639 2781 815 2848 Dolabella
841 2786 958 2867 postca
991 2778 1026 2845 0.
1045 2792 1079 2842 41

7 2877 21 2918 t
31 2865 174 2935 Malleolo
203 2870 309 2936 occiso
336 2892 396 2955 pro
425 2874 596 2954 quaestore
623 2871 740 2936 habuit
766 2868 868 2956 (haud
895 2869 961 2933 scio
986 2889 1028 2932 an

32 2957 123 3022 maior
150 2959 251 3023 etiam
278 2958 358 3024 haec
385 2958 587 3024 necessitudo
614 2957 713 3024 fuerit
741 2979 839 3043 quam
865 2957 925 3022 illa
951 2953 1028 3020 Car·

32 3042 113 3110 bonis
138 3068 175 3111 ac
197 3047 273 3130 plus
295 3046 450 3112 iudicium
471 3047 652 3112 voluntatis
675 3048 784 3112 valere
807 3067 905 3130 quam
928 3044 1027 3111 sortis

32 3130 160 3220 debeat),
180 3134 268 3199 idem
285 3134 321 3198 in
339 3133 395 3200 On
409 3133 619 3200 Dolabellam
642 3135 698 3219 qui
720 3135 756 3199 in
773 3133 830 3200 On.
845 3131 1027 3199 Carbonem

31 3217 95 3304 fuit3
120 3245 212 3306 nam,
240 3243 322 3307 quae
348 3223 384 3286 in
405 3222 514 3306 ipsum
536 3223 690 3288 valebant
712 3223 861 3305 crimina,
888 3221 1028 3288 contulit

8 3305 57 3370 tin
80 3310 174 3376 illum
202 3332 396 3395 causamque
423 3303 513 3376 illius
541 3331 670 3374 omnem
698 3310 740 3374 ad
766 3310 914 3375 inimicos
938 3330 1027 3375 accu-

31 3401 208 3484 satoresque
231 3398 362 3483 detulit3
388 3399 459 3483 ipsa
481 3399 517 3462 in
539 3419 626 3482 eum,
653 3397 706 3463 cui
727 3397 871 3484 legatus,
893 3396 946 3463 oui
966 3419 1027 3482 pro

31 3490 190 3564 quaestore
208 3485 325 3571 fuerat,
347 3486 606 3552 inimicissimum
627 3490 726 3570 atque
748 3484 1027 3570 improbissimum
