2402 3936
173 209 240 276 240
473 207 512 262 m
531 208 559 263 c.
574 207 730 262 vaauen
748 207 828 263 sou.
848 209 880 262 11.
982 279 985 286 Ι

171 353 236 420 luit
253 358 354 420 alinea
370 353 485 418 tabula
502 352 567 418 fixa
581 349 730 416 Thermis
747 351 784 416 in
801 351 899 435 ouria,
917 351 953 416 in
971 373 1035 436 qua
1053 351 1170 436 publice

174 447 245 508 erat
277 441 316 506 de
344 441 440 506 huius
468 439 630 506 beneficiis
658 437 816 524 seriptum
843 444 877 505 et
903 439 1062 505 incisum?
1102 461 1171 524 quae

174 531 289 596 tabula
315 533 386 594 tum
413 528 549 614 imperio
576 532 635 593 tuo
660 528 804 610 revulsa,
832 549 917 593 nunc
945 549 965 592 a
991 547 1043 592 me
1072 531 1172 592 tamen

176 619 347 706 deportata
373 622 437 701 est,
463 619 500 681 ut
528 637 639 682 omnes
666 615 734 680 eius
762 616 903 681 honores
930 615 1016 680 inter
1045 637 1123 680 snos
1147 619 1172 678 et

124 722 174 772 113
194 706 439 791 amplitudinem
453 709 586 791 possent
600 723 802 790 cognoscere.
829 702 932 769 Estne
945 703 1009 787 hic,
1026 704 1084 788 qui
1097 703 1173 788 apud

176 793 233 862 On
242 793 442 879 Pompeium,
456 793 672 878 clarissimum
685 792 801 875 virum,
815 813 888 857 cum
902 795 1074 858 accusatus
1088 797 1172 859 esset.

177 882 263 967 quod
297 885 432 966 propter
466 880 502 947 Ο.
529 880 613 946 Mari
647 878 906 946 familiaritatem
938 884 972 945 et
1003 881 1172 965 hospitium

176 975 291 1036 eontra
317 991 386 1036 rem
409 969 573 1054 publicam
596 968 735 1034 sensisse
757 989 831 1034 eum
853 967 977 1033 inimici
1000 971 1034 1032 et
1057 989 1173 1034 aecusa-

175 1064 264 1125 tores
291 1059 359 1123 eius
387 1059 557 1140 dicerent„
570 1076 706 1142 cumque
732 1055 838 1142 magis
865 1056 1027 1122 invidioso
1049 1057 1173 1122 crimine

177 1169 276 1232 quam
298 1168 375 1212 vero
398 1148 627 1228 arcesseretur,
648 1145 698 1208 ita
719 1167 739 1209 a
758 1143 815 1209 On.
833 1143 988 1229 Pompeio
1013 1145 1171 1210 absolutus

177 1239 236 1317 est,
259 1239 297 1300 ut
314 1235 350 1299 in
368 1255 406 1300 eo
428 1234 500 1319 ipso
518 1233 636 1298 iudicio
653 1231 827 1317 Pompeius
848 1232 933 1298 hune
956 1232 1100 1317 hospitio
1124 1254 1171 1297 suo

178 1322 403 1409 dignissimum
419 1323 600 1386 statueret?
622 1321 670 1386 ita
683 1341 781 1405 porro
799 1320 952 1387 laudatus
971 1320 1172 1405 defensusque

177 1413 219 1477 ab
240 1411 389 1476 omnibns
408 1407 535 1493 Siculis,
557 1412 595 1474 ut
612 1408 698 1473 idem
716 1409 888 1493 Pompeius
908 1430 973 1474 non
992 1410 1033 1476 ab
1052 1409 1171 1474 homine

178 1499 294 1581 solum,
312 1497 483 1562 sedetiam
498 1519 517 1561 a
534 1496 702 1582 provincia
718 1500 791 1561 tota
810 1519 844 1562 se
862 1497 958 1562 huius
978 1498 1171 1563 absolutione

176 1586 259 1650 inire
287 1583 428 1671 gratiam
451 1584 687 1650 arbitraretur?
726 1583 897 1651 Postremo
920 1589 1013 1652 estne
1034 1586 1099 1669 hio,
1125 1585 1172 1670 qui

178 1678 211 1739 et
229 1672 373 1738 animum
390 1673 425 1736 in
443 1693 512 1737 rem
530 1673 694 1759 publicam
717 1672 833 1737 habuit
855 1673 924 1738 eius
947 1673 1037 1740 modi
1059 1678 1091 1740 et
1111 1679 1172 1738 tan·

177 1767 249 1828 tum
276 1761 470 1826 auctoritate
492 1762 579 1846 apud
601 1781 677 1826 euos
700 1760 786 1826 cives
808 1761 929 1846 potuit,
955 1766 994 1826 ut
1016 1763 1172 1847 perficeret

177 1851 212 1915 in
235 1847 346 1915 Sicilia
373 1849 463 1915 solus
490 1853 523 1913 te
549 1853 712 1934 praetore,
739 1849 826 1932 quod
847 1870 913 1914 non
935 1851 1033 1916 modo
1057 1850 1171 1916 Siculus

176 1960 286 2022 nemo,
319 1937 374 2002 sed
405 1959 447 2038 ne
472 1935 584 2002 Sicilia
615 1937 744 2021 quidem
775 1939 849 2002 tota
873 1938 1049 2023 potuisset,
1079 1943 1114 2003 ut
1138 1959 1170 2001 ex

176 2024 615 2193 subtulistis
630 2024 1172 2199 atttettlltffittt

178 2199 292 2263 sertim
318 2200 350 2262 et
373 2202 482 2262 essent
504 2198 609 2263 multa
630 2202 799 2284 praeclara
821 2205 854 2266 et
876 2205 913 2266 tu
936 2203 1047 2267 omnia
1068 2223 1170 2268 conou-

125 2299 178 2349 114
195 2285 321 2372 pissas?
361 2284 508 2369 Denique
531 2307 616 2351 nuno
638 2287 720 2372 vide,
743 2288 820 2373 quid
841 2289 927 2354 inter
947 2293 991 2373 te,
1014 2290 1101 2356 cuius
1121 2311 1170 2353 no·

168 2374 263 2439 mine
296 2373 383 2457 apud
409 2371 534 2439 Siculos
562 2375 629 2440 dies
657 2376 734 2441 festi
761 2377 928 2462 agitantur
955 2382 989 2442 et
1015 2378 1168 2461 praeclara

177 2463 238 2527 illa
260 2461 377 2528 Verria
408 2463 627 2547 celebrantur,
659 2465 747 2529 euius
781 2469 908 2530 statuae
937 2464 1063 2530 Romae
1092 2469 1169 2530 stant

38 2599 49 2606 -
177 2551 347 2618 inauratae
374 2573 394 2615 a
423 2552 586 2616 communi
613 2551 754 2634 Siciliae,
787 2574 882 2636 quem
909 2553 951 2618 ad
978 2553 1107 2620 modum
1130 2553 1169 2616 in·

178 2640 335 2724 scriptum
352 2638 512 2724 videmus,
536 2639 630 2705 datae
656 2677 693 2688 -
718 2640 804 2725 vide,
826 2640 973 2726 inquam,
996 2643 1075 2727 quid
1096 2643 1168 2706 inter

178 2731 211 2792 te
235 2731 267 2792 et
289 2726 376 2798 huno
398 2724 554 2809 Siculum,
578 2728 634 2812 qui
656 2729 714 2793 abs
738 2732 771 2793 te
794 2733 858 2812 est,
880 2733 1021 2812 patrono
1045 2729 1167 2810 Siciliae,

178 2816 424 2898 condemnatus,
449 2815 588 2880 intersit.
629 2815 724 2882 Hunc
746 2816 893 2882 civitates
917 2839 956 2882 ex
978 2816 1091 2885 Sicilia
1109 2838 1167 2902 per-

178 2904 301 2970 multae
332 2902 521 2968 testimonio
549 2923 607 2968 suo
634 2904 917 2990 legationibusque
945 2905 987 2972 ad
1014 2929 1087 2972 earn
1110 2926 1166 2970 ren

178 2992 286 3056 missis
309 2991 438 3076 publice
461 2990 609 3075 laudant,
634 2996 680 3074 te,
703 2993 846 3057 omnium
869 2991 1053 3060 Siculorum
1075 2997 1167 3080 patro

177 3099 264 3161 num,
285 3101 351 3144 una
372 3077 567 3144 Mamertina
590 3079 715 3163 civitas,
737 3081 825 3146 socia
844 3080 1008 3147 furtorum
1032 3105 1070 3150 ac
1091 3079 1166 3166 flagi·

178 3164 298 3229 tiorum
315 3169 455 3251 tuorum,
477 3166 606 3252 publice
628 3168 750 3252 laudat,
772 3169 820 3234 ita
842 3172 952 3234 tamen
973 3191 1066 3236 novo·
1083 3189 1167 3247 more,

177 3257 214 3316 ut
240 3253 345 3337 legati
368 3254 512 3338 laedant,
539 3255 662 3341 legatio
685 3256 809 3340 laudet,
837 3259 962 3322 ceterae
985 3260 1114 3344 quidem
1133 3254 1167 3320 oi·

177 3338 296 3403 vitales
319 3340 448 3420 publice
470 3343 599 3426 litteris,
622 3344 849 3428 legationibus,
872 3345 1070 3412 testimoniis
1093 3365 1167 3412 aasu-

178 3427 261 3504 sant‚
275 3429 460 3509 quenmtur,
475 3433 630 3514 arguunt3
644 3431 673 3494 si
684 3435 721 3495 tu
733 3432 902 3498 absolutus
917 3433 972 3518 sis,
986 3455 1021 3500 se
1034 3434 1166 3500 fimditus
1190 3442 1191 3516 l

179 3528 306 3572 eversas
330 3529 400 3574 esse
424 3513 634 3582 arbitrantur.
904 3517 906 3521 ’
