2402 3936
286 182 352 238 ma.
372 183 410 237 111
443 185 519 241 cAP.
540 192 648 246 ra-ro
663 193 678 252 ἓ
695 193 809 243 ar-er.
988 189 1052 252 289

30 347 150 392 aumas
165 327 352 394 vendidisti.
388 327 480 411 Quid,
497 329 529 394 ei
541 329 643 398 douae
662 333 697 396 te
713 351 779 400 uon
796 331 903 398 minua
922 331 1053 398 domum

31 421 127 480 tuam
152 416 316 484 avertisse
339 431 437 500 quam
455 415 594 484 Romam
616 417 744 487 misisse
766 418 974 489 decumarum
997 443 1052 488 no-

31 503 148 570 mine?
183 504 264 586 quid
290 504 390 568 hebet
414 505 572 590 populare
595 507 701 572 oratio
724 509 794 590 tua,
822 527 895 572 oum
917 529 957 572 ex
979 529 1052 592 pro-

31 591 146 658 vincia
175 591 293 676 populi
315 591 455 658 Romani
482 614 621 677 aequam
648 597 776 678 partem
799 599 836 660 tu
858 595 920 660 tibi
943 617 1052 680 sump-

11 680 116 746 tueris
155 701 197 743 aa
225 680 347 764 populo
375 679 523 747 Romano
548 682 699 746 miseris?
736 683 835 766 quid?
872 683 901 748 si
927 683 1053 750 duabus

31 767 193 852 partibus
224 767 324 834 doaeo
349 771 382 834 te
409 769 549 852 amplius
575 769 732 836 frumenti
755 771 930 838 abstulisse
953 793 1051 855 quam

32 856 163 942 populo
187 855 338 922 Romano
362 856 501 940 misisse,
527 861 680 924 tamenne
703 862 855 942 putamus
878 863 1052 944 patronum

33 949 131 1010 tuum
152 944 191 1010 in
208 943 272 1009 hoo
290 944 423 1012 erimine
440 945 635 1012 eervioulam
655 946 851 1013 iactaturum
873 952 907 1014 et
930 949 1051 1032 populo

34 1055 66 1096 se
100 1054 144 1096 ac
175 1053 319 1098 coronae
350 1033 524 1100 daturum?
572 1032 663 1100 Haeo
695 1055 753 1100 vos
781 1039 891 1116 antea,
922 1034 1051 1118 iudioes,

5 1120 195 1204 renuistis,
232 1141 345 1186 verum
379 1119 521 1187 fortasse
552 1121 601 1190 ita
628 1121 782 1203 audistis,
818 1126 854 1187 ut
885 1127 1051 1188 auctorem

34 1229 209 1274 rumorem
220 1207 640 1293 haberetiesermonemqua
653 1209 829 1278 hominum.
856 1207 1051 1295 Cognoscite

34 1319 120 1362 nuno
161 1296 435 1364 innumerabilem
470 1297 640 1381 peouuiam
675 1297 889 1364 frumentario
920 1299 1051 1364 nomine

36 1389 202 1469 ereptam,
221 1387 258 1448 ut
276 1384 373 1450 simul
391 1384 484 1450 illam
500 1405 630 1469 quaqua
648 1385 717 1452 eius
736 1407 848 1454 vooem
867 1385 1051 1471 improbam

36 1471 242 1559 agnoscatis,
265 1473 321 1556 qui
339 1493 374 1536 ee
392 1495 456 1538 uno
474 1477 612 1556 quaestu
631 1473 836 1544 decumarum
858 1475 969 1543 omnia
992 1495 1052 1540 sua

7 1561 187 1644 ”pericula
211 1559 454 1644 redempturum
476 1581 547 1626 esse
569 1561 706 1630 dioebat.
891 1591 894 1596 ·

100 1648 304 1714 Audivimus
327 1648 389 1714 hoo
410 1649 476 1714 iam
500 1648 570 1732 diu,
591 1649 726 1732 iudices,
748 1671 832 1734 nego
854 1673 1051 1734 quemquem
1061 1621 1104 1746 252

37 1743 189 1802 vestrum
214 1758 298 1818 asae,
324 1736 403 1819 quin
425 1757 521 1820 saepe
544 1737 682 1804 audierit
706 1737 809 1804 socio·
833 1738 928 1804 iatius
950 1737 1051 1808 tuisse

38 1827 249 1892 decumanos.
293 1823 385 1891 Nihil
413 1825 502 1892 aliud
529 1825 672 1891 arbitror
693 1824 778 1890 iudeo
801 1825 837 1888 in
858 1825 958 1890 istum
979 1847 1051 1890 asso

39 1915 164 1980 dietum
200 1913 242 1976 ab
274 1912 328 1996 iis,
360 1913 415 1996 qui
444 1913 530 1978 male
558 1913 596 1978 de
624 1912 689 1978 isto
716 1912 957 1995 existimarunt,
987 1911 1052 1976 nisi

9 2001 106 2068 ¹'hoe
160 1999 251 2066 Nam
279 2000 358 2066 eooii
385 2000 522 2084 putandi
549 2003 639 2084 suut,
666 2021 747 2084 quor
774 1999 860 2066 inter
887 2005 939 2068 τοὶ
967 2021 1051 2066 oom-

40 2090 211 2156 muniaata
247 2091 311 2171 eat,
348 2109 409 2174 ego
444 2110 514 2154 rem
550 2092 656 2160 totam
691 2088 904 2172 fortunasque
936 2109 1051 2156 omnes

41 2182 214 2244 aratorum
246 2176 341 2242 iatius
372 2175 474 2240 fuisse
502 2175 591 2259 dioo;
622 2176 805 2260 Apronium
830 2174 1052 2260 Veneriosque

41 2287 164 2349 servos,
189 2263 277 2348 quod
294 2265 359 2328 isto
382 2268 533 2348 praetore
554 2264 618 2328 fuit
638 2286 761 2330 novum
783 2285 886 2350 genus
909 2264 1052 2350 publiea-

41 2375 168 2437 norum,
188 2355 377 2435 ceterosque
391 2352 584 2418 decumanos
598 2356 826 2436 procuratores
842 2352 939 2419 istius
958 2374 1052 2437 quae-

10 2445 111 2506 ¹tetus
146 2445 182 2506 et
215 2440 425 2506 administros
453 2439 640 2524 rapinarum
665 2440 766 2508 fuisse
794 2439 874 2507 dico.
906 2477 948 2488 -—
981 2441 1104 2518 Quom

43 2530 139 2595 modo
155 2529 220 2594 hoe
234 2528 351 2593 dooes?
368 2563 406 2576 --
424 2527 605 2604 Quomodo
621 2549 660 2592 ex
677 2528 735 2594 illa
753 2528 914 2594 locatione
933 2529 1052 2599 uolum-

43 2639 160 2684 nanim
194 2616 289 2681 dooui
319 2616 419 2682 iatum
452 2637 522 2680 esse
552 2616 756 2699 praedatum,
789 2617 916 2700 opinor,
948 2638 987 2680 ex
1013 2637 1052 2680 eo

45 2706 197 2787 maxime,
216 2703 302 2788 quod
315 2703 459 2788 iniquam
475 2704 583 2790 legem
601 2725 783 2788 novamque
802 2704 945 2772 dixisset.
973 2702 1052 2780 Quis

45 2794 130 2858 enim
162 2813 321 2876 umquam
350 2797 485 2858 conatus
513 2796 564 2857 est
590 2791 662 2858 iura
689 2792 798 2858 omnia
825 2797 859 2856 et
886 2795 1053 2858 eonsuetu-

11 2881 154 2946 udinem
192 2879 337 2946 omnium
373 2884 573 2946 commutare
609 2901 682 2947 eum
713 2879 951 2964 vituperatione
983 2878 1052 2942 sine

45 2968 206 3051 quaestu?
247 2967 387 3053 Pergam
413 2973 448 3032 et
473 2967 626 3052 insequar
654 2968 793 3053 longius.
837 2967 953 3050 Iniqua
980 2966 1053 3050 lege

45 3057 221 3139 vendebas,
250 3077 313 3140 quo
340 3055 444 3140 pluris
471 3056 634 3122 venderes.
678 3053 744 3120 Our
772 3053 907 3120 addictis
930 3053 997 3118 iam
1021 3057 1053 3118 et

46 3143 186 3208 venditio
214 3143 370 3225 decumis,
397 3166 470 3210 oum
497 3144 564 3210 iam
591 3144 631 3209 ad
660 3157 819 3210 summam
847 3141 1054 3208 decumarum

45 3231 143 3314 nihil,
179 3231 220 3298 ad
253 3235 346 3296 tuum
379 3235 550 3315 quaestum
581 3231 721 3300 multum
752 3233 864 3314 posset
896 3230 1053 3312 aeoedere,

14 3331 35 3372 δ
48 3319 157 3386 subito
190 3323 287 3404 atque
319 3341 358 3385 ex
389 3324 536 3404 tempore
567 3338 653 3386 nova
681 3318 898 3384 nasoebautur
925 3317 1053 3383 edicta?

48 3406 133 3472 Nam
150 3411 187 3472 ut
209 3408 431 3474 vadimonium
454 3408 644 3490 decumano,
669 3428 870 3490 quocumque
892 3407 921 3472 is
943 3407 1053 3488 vellat,

48 3495 305 3578 promitteretur,
334 3499 372 3560 ut
400 3517 439 3560 ex
466 3517 555 3577 area,
582 3495 646 3560 nisi
673 3498 788 3579 paetus
816 3499 915 3578 esset,
942 3498 1053 3559 arator

106 3607 199 3650 crum
214 3612 233 3650 1.
810 3602 841 3650 19
