2392 3944
153 151 219 217 206
454 151 495 205 ΙΝ
513 151 542 207 0.
556 149 712 206 VERREM
729 151 806 206 ACT.
825 151 859 205 II.

153 317 191 361 ex
218 293 277 360 illo
306 296 412 361 omine
439 295 564 362 urbano
592 295 632 360 ad
656 294 864 361 everrendam
886 291 1084 378 provinciam
1104 317 1154 360 vc·

152 382 261 470 norit),
284 385 398 450 statim
415 383 566 450 Messana
588 384 716 449 litteras
739 383 916 448 Halaesam
939 382 1043 447 mittit
1064 381 1154 468 (quas

154 493 215 558 ego
234 473 335 538 istum
353 472 388 537 in
410 471 509 538 Italia
531 472 761 557 conscripsisse
784 470 944 554 arbitror}
963 493 1040 536 nam
1063 471 1154 536 simul

154 565 251 646 atque
284 584 301 626 e
332 561 408 626 navi
447 582 596 646 egressus
633 565 697 645 est,
736 559 851 645 dedit),
889 564 928 623 ut
965 558 1155 625 Halaesinus

154 649 195 716 ad
227 671 261 714 se
287 649 352 714 Dio
383 649 536 715 continuo
567 649 707 733 veniret,
739 669 773 713 se
805 647 843 712 de
869 647 1051 712 hereditate
1078 648 1178 713 uelles

100 837 135 888 20
154 737 623 892 cerscamp
639 735 1158 890 sltltlllffildll

152 849 321 997 pecunia.p
336 912 400 979 Hic
422 875 473 979 dst
495 913 572 996 Dio,
598 913 733 998 iudices,
754 875 840 978 nuinc
862 845 1079 989 bandiliiogd
1097 911 1158 976 Me

149 1000 225 1066 telli
252 1000 331 1067 civis
354 1001 520 1067 Romanus
547 1002 668 1086 factus3
696 1001 735 1067 de
763 1023 826 1084 quo
854 1000 968 1065 multis
996 1001 1078 1066 viris
1099 1001 1157 1086 pri·

153 1089 265 1155 mariis
277 1090 417 1156 testibus
428 1091 669 1174 multorumque
678 1089 800 1155 tabulis
810 1089 903 1155 vobis
913 1088 1024 1174 priore
1036 1089 1189 1155 actiones

153 1179 375 1244 satisfactum
394 1182 453 1264 est,
474 1176 530 1243 HS
549 1178 676 1243 deciens
698 1180 904 1243 numeratum
927 1197 1010 1261 esse,
1031 1181 1070 1243 ut
1092 1199 1155 1242 mm

153 1288 293 1350 causam,
316 1268 350 1332 in
369 1289 433 1354 qua
449 1287 490 1332 ne
508 1266 701 1332 tenuissima
719 1265 847 1350 quidem
867 1264 1030 1330 dubitatio
1050 1269 1157 1350 posset

153 1375 233 1440 esse,
250 1354 316 1420 isto
330 1357 544 1442 cognoscente
559 1354 735 1438 obtineret3
752 1358 922 1439 praeterea
936 1374 1054 1440 greges
1072 1353 1156 1419 nobi·

152 1443 350 1508 lissimorum
379 1465 534 1526 equorum
562 1442 708 1527 abactos,
736 1442 864 1529 argenti
887 1441 1055 1527 vestisque
1079 1446 1156 1506 stra

153 1531 249 1614 gulae
268 1530 356 1594 domi
374 1531 460 1615 quod
478 1530 586 1614 luerit,
606 1551 677 1596 esse
695 1530 871 1615 direptum,
892 1530 941 1595 ita
959 1527 1016 1594 HS
1035 1530 1188 1596 deciens

153 1617 190 1694 Q.
207 1615 360 1702 Dionem,
386 1618 472 1703 quod
494 1618 658 1685 hereditas
682 1619 711 1684 ei
733 1619 890 1702 venisset,
912 1619 1039 1684 nullam
1062 1620 1156 1684 aliam

99 1717 131 1769 21
152 1706 195 1771 ob
214 1729 345 1772 cansam
363 1707 548 1791 perdidisse.
581 1707 687 1784 Quid?
709 1708 790 1772 haec
806 1705 970 1772 hereditas
989 1727 1053 1792 quo
1072 1727 1157 1792 prae

152 1799 223 1862 tore
250 1793 367 1861 Dionis
393 1795 463 1862 filio
491 1797 646 1862 venerat?
690 1793 828 1879 Eodem,
861 1814 925 1879 quo
952 1793 1096 1881 Anniae,
1125 1794 1156 1859 P.

152 1883 241 1949 Anni
264 1885 423 1950 senatoris
445 1885 546 1970 filiae,
574 1884 700 1968 eodem,
723 1905 787 1968 quo
809 1882 852 1947 Μ.
870 1883 986 1970 Liguri
1009 1884 1156 1966 senatori,

152 1969 187 2038 Ο.
206 1971 386 2038 Sacerdote.
428 1973 533 2050 Quid?
565 1977 637 2037 tum
663 1993 758 2037 nemo
786 1972 943 2038 molestus
966 1969 1065 2037 Dioni
1093 1971 1187 2036 fue-s

151 2062 226 2124 rat?
257 2059 422 2144 Nonplus
436 2081 533 2142 quam
546 2059 661 2145 Liguri
675 2058 847 2126 Sacerdote
863 2063 1023 2144 praetore.
1055 2059 1156 2136 Quid?
1194 2107 1195 2112 η

152 2145 194 2211 ad
206 2145 342 2211 Verrem
362 2146 434 2232 quis
453 2146 592 2211 detulit?
623 2145 743 2232 Nem03
763 2147 827 2212 nisi
844 2147 931 2212 forte
953 2149 1156 2214 existumetis
1194 2197 1195 2231 3

113 2239 133 2304 8
153 2234 182 2298 ei
197 2234 465 2319 quadruplatores
484 2234 525 2299 ad
542 2234 663 2299 fretum
681 2240 812 2321 praesto
830 2235 939 2302 fuisse
975 2235 1029 2300 Ad
1046 2237 1155 2302 urbem

152 2342 226 2387 cum
253 2324 352 2404 esset,
380 2322 504 2388 audivit
530 2321 630 2388 Dioni
656 2324 783 2390 cuidam
811 2321 919 2390 Siculo
946 2345 1155 2410 permagnam

152 2409 279 2475 venisse
306 2409 534 2496 hereditatem3
560 2412 711 2478 heredem
735 2415 861 2477 statuas
883 2413 1009 2478 iussum
1032 2433 1103 2477 esse
1125 2414 1194 2498 ins

151 2498 223 2564 foro
242 2521 376 2584 ponere;
397 2500 462 2564 nisi
479 2500 651 2586 posuisset,
673 2499 793 2566 Veneri
812 2499 970 2584 Erycinae
990 2522 1060 2566 esse
1078 2501 1157 2565 mul·

152 2590 266 2653 tatum.
299 2588 444 2653 Tametsi
461 2589 589 2674 positae
607 2593 716 2655 essent
735 2611 773 2654 ex
792 2592 998 2674 testamento,
1020 2589 1156 2675 putabat

29 2753 35 2758 ¹
152 2681 270 2761 tamen,
294 2678 448 2760 qnoniam
466 2675 603 2743 Veneris
626 2697 745 2744 nomen
768 2682 862 2762 esset,
885 2698 1017 2746 causam
1040 2677 1155 2742 calum·

99 2775 133 2826 22
151 2765 225 2830 niae
244 2786 278 2830 se
301 2768 513 2850 reperturum.
549 2763 664 2849 ltaque
687 2768 832 2850 apponit,
855 2766 910 2851 qui
933 2769 1026 2851 petat
1039 2765 1154 2830 Veneri
1192 2843 1193 2848 ἵ

151 2850 311 2938 Erycinae
328 2853 421 2918 illam
439 2852 662 2919 hereditatem.
694 2851 771 2920 Non
789 2854 875 2918 enim
894 2858 1047 2938 quaestor
1064 2854 1153 2938 petit,
1165 2865 1186 2906 ω

151 2945 189 3005 ut
207 2945 259 3006 est
280 2941 487 3025 consuetudo,
509 2942 546 3025 is,
570 2942 627 3027 qui
647 2941 789 3026 Erycum
812 2945 956 3008 montem
979 2939 1154 3024 obtinebat,

151 3029 236 3112 petit
253 3027 396 3095 Naeuius
415 3027 538 3115 Turpio
558 3029 698 3115 quidam,
720 3029 816 3094 istius
835 3051 986 3096 excursor
1009 3034 1043 3095 et
1064 3030 1153 3096 amis·

153 3115 265 3199 sarius,
283 3115 382 3184 homo
397 3117 542 3183 omnium
555 3139 594 3182 ex
610 3118 670 3184 illo
688 3121 848 3186 conventu
867 3118 1152 3204 quadruplatorum
1191 3159 1192 3210 y

152 3203 353 3288 deterrimus,
372 3203 406 3271 Ο.
422 3204 594 3272 Sacerdote
606 3210 758 3291 praetore
776 3205 1008 3272 condemnatus
1026 3206 1152 3271 iniuria·
1191 3213 1192 3216 ’

150 3311 231 3354 rum.
272 3290 403 3358 Etenim
432 3297 502 3360 erat
525 3294 705 3360 eiusmodi
728 3315 837 3380 causa,
864 3298 903 3361 ut
923 3295 994 3381 ipse
1016 3298 1186 3380 praeloqa

151 3396 224 3474 cum
243 3382 412 3458 quaereret
430 3382 706 3468 calumniatorem,
728 3384 828 3468 paulo
846 3387 957 3448 tamen
977 3382 1152 3449 considera·
1190 3427 1191 3470 3

150 3464 267 3525 tuorem
285 3465 427 3546 reperire
448 3488 514 3533 uon
537 3473 657 3552 posset.
697 3469 838 3554 †Hunc
860 3470 1024 3537 hominem
1037 3467 1152 3534 Veneri
1190 3473 1191 3539 l
