2404 3928
140 119 206 184 394
429 117 470 172 [N
487 114 517 174 O]
537 117 690 174 VERREM
708 117 786 174 ΔΟΤ.
808 117 843 172 Π.

139 263 210 328 Hoc
233 263 396 348 quondam
418 263 587 348 oppidum,
614 285 686 329 eum
709 262 770 328 ille
792 261 910 328 ciritae
932 285 1008 329 cum
1027 261 1134 328 Poenis

140 374 198 417 sno
216 353 347 418 nomine
370 374 407 418 ac
429 373 490 417 sua
511 355 627 438 sponte
649 352 802 429 bellaret,
825 372 846 415 a
863 349 1136 438 Karthaginiensi-

140 441 201 506 bus
232 441 266 507 vi
293 445 424 526 captum
451 443 548 525 atque
575 440 718 505 deletam
748 443 812 522 est,
844 440 1035 524 omniaque,
1063 461 1135 524 quae

140 533 330 596 ornamento
360 530 434 593 urbi
461 550 532 594 essa
557 533 706 613 possent,
735 526 979 614 Karthaginem
1005 531 1080 593 sunt
1104 549 1137 592 ex

139 618 199 684 illo
231 619 302 684 loco
334 618 514 702 deportata
563 616 638 682 Fuit
665 616 751 702 apud
779 613 979 702 Segestanos
1006 638 1046 681 ex
1072 631 1156 682 aeres

140 705 264 770 Dianae
296 705 503 771 simulacrum
534 727 608 772 cum
638 726 765 770 summa
791 707 891 788 atque
919 705 1137 789 antiquissima

140 794 323 880 praeditum
350 792 521 879 religione,
548 798 619 859 tum
643 791 803 878 siugsrlari
826 813 924 877 opere
947 793 1136 876 artificioque

139 881 328 968 perfectum.
354 879 426 947 Hoc
435 882 634 947 translatum
647 879 887 966 Karthaginem
896 881 1008 948 locum
1019 885 1137 946 tantun

139 969 351 1055 hominesque
387 973 544 1053 mutarat,
580 970 770 1057 religionem
806 968 938 1053 quidem
974 970 1137 1056 pristinam

141 1060 367 1142 conservabat3
402 1080 479 1123 nam
513 1063 649 1144 propter
684 1057 835 1122 eximiam
871 1058 1137 1143 pulchritudinem
1149 1073 1166 1112 ι

141 1149 241 1214 etiarn
256 1147 406 1214 hostibus
425 1147 532 1234 digna,
551 1167 650 1230 quam
668 1145 872 1212 sanctissime
891 1147 1047 1231 colerent,
1062 1146 1138 1212 ride

89 1251 123 1300 '13
141 1236 248 1301 batur.
290 1235 427 1320 Aliquot
454 1236 590 1300 saeculis
616 1237 693 1320 post
713 1232 749 1300 P.
766 1231 876 1319 Scipio
900 1235 1006 1316 [besso
1026 1233 1138 1300 Psmioo

141 1325 253 1406 tertio]
278 1321 510 1410 Carthaginem
528 1324 628 1408 cepit3
651 1345 715 1407 qua
734 1322 769 1387 iu
785 1323 925 1388 uictoria
948 1321 1069 1408 (videte
1089 1324 1139 1388 ho

141 1411 238 1476 minis
258 1412 414 1477 virtutem
437 1415 471 1476 et
492 1411 707 1498 diligentiam,
728 1415 767 1476 ut
789 1415 823 1476 et
846 1411 1035 1478 domesticis
1056 1433 1137 1496 pree

141 1499 340 1565 clarissimae
366 1499 497 1564 urtutis
525 1500 680 1584 exemplis
708 1498 878 1586 gaudeatis
906 1503 940 1564 et
962 1521 1002 1566 eo
1025 1500 1167 1564 maiores

141 1587 215 1653 odio
248 1587 380 1675 dignam
412 1587 508 1652 istius
535 1587 758 1654 incredibilem
785 1587 955 1652 semeiam
982 1583 1136 1672 iudicetis)

141 1677 326 1743 convocatis
349 1673 466 1742 Siculis
494 1676 657 1760 omnibns,
685 1674 770 1760 quod
792 1675 977 1741 diutissime
999 1675 1137 1761 saepissi-

142 1787 256 1850 meque
275 1762 418 1831 Sioiliam
438 1769 590 1832 vexatam
612 1763 980 1848 aKerthagiuieusibus
1004 1785 1071 1830 esse
1092 1785 1136 1829 co

142 1857 273 1939 gnorat,
298 1854 390 1919 iubet
411 1854 521 1918 omnia
542 1853 703 1937 conquiri3
724 1851 898 1938 pollicetur
921 1853 987 1918 sibi
1008 1871 1136 1938 magnae

142 1963 237 2006 curae
250 1941 329 2026 fore,
346 1945 384 2006 ut
397 1942 507 2007 omnia
520 1941 716 2025 civitatibus,
735 1961 817 2025 quae
830 1941 987 2024 cuiusque
999 1941 1135 2022 fussent,
1145 1954 1167 1994 ¹⁰

141 2031 398 2094 restituerentur.
433 2029 516 2094 'Pom
531 2029 600 2112 illa,
618 2051 700 2114 quae
718 2028 881 2113 quondam
899 2033 994 2094 eraut
1011 2028 1135 2094 Himera

141 2116 280 2198 sublata,
299 2116 338 2180 de
352 2116 469 2199 quibus
483 2119 580 2182 antea
594 2117 668 2201 dixi,
686 2116 906 2182 Thermitanis
920 2122 999 2183 suut
1011 2116 1133 2196 reddita,

140 2207 212 2268 turn
247 2203 313 2268 alia
345 2202 552 2288 Gelensibus,
587 2205 655 2270 alia
685 2205 926 2292 Agrigentinis,
960 2206 997 2271 in
1028 2205 1133 2290 qmbus

140 2291 240 2358 etiam
258 2291 315 2357 ille
332 2291 454 2357 nobilis
472 2295 596 2376 taurus,
619 2315 715 2378 quem
733 2293 977 2360 crudelissimus
1000 2293 1133 2360 omniun

140 2385 353 2467 tyrannorum
371 2379 522 2446 Phalaris
544 2381 698 2447 habuisse
720 2381 847 2466 dicitur,
869 2403 934 2466 quo
956 2383 1057 2460 vivos
1069 2391 1165 2464 sup¹⁵

140 2469 231 2556 plicii
258 2491 354 2536 eausa
382 2468 552 2535 demittere
577 2469 724 2536 homines
752 2473 785 2534 et
811 2470 957 2536 subicere
978 2471 1132 2536 flammam

141 2559 277 2624 solebat
322 2557 424 2632 Quem
460 2561 590 2624 murum
624 2580 697 2625 cum
729 2557 836 2644 Scipio
867 2557 1018 2624 redderet
1047 2556 1131 2643 agri-

141 2647 298 2733 gentinis,
311 2645 449 2712 ·dixisse
480 2646 598 2712 dieitur
623 2667 762 2731 aequum
789 2667 861 2712 esee
886 2647 964 2712 illos
991 2647 1131 2734 cogitare,

140 2739 251 2800 utrum
269 2738 355 2799 esset
374 2735 626 2822 [Agrigentinis]
645 2733 768 2818 utilius,
790 2735 899 2800 suisne
917 2735 1039 2802 servire
1061 2753 1132 2800 anua

140 2823 1161 2978 {llllblttttlllllll‘ellttmlnlffi⁹

84 2999 449 3173 Ι3411ὡῖἷίθοῃῂἰοιιιροιιι
475 3085 661 3174 Segestanis
693 3087 934 3153 mariniacum
959 3110 1040 3153 cura
1063 3087 1133 3152 bees

89 3134 123 3181 ⁷⁴
140 3173 213 3256 ipae
234 3173 354 3275 Diana,
377 3175 417 3239 de
440 3197 505 3260 qua
527 3175 676 3259 dicimus,
698 3175 856 3259 redditor3
878 3179 1067 3261 reportatur
1086 3171 1132 3238 Se

141 3263 281 3342 gestam,
307 3283 343 3324 ιιι
369 3264 436 3326 suia
464 3263 607 3345 antiquis
633 3263 762 3329 sedibus
786 3283 913 3328 summa
934 3285 1010 3330 cum
1032 3265 1162 3350 gratu-⁸⁵

140 3342 262 3405 latione
280 3345 398 3410 civium
418 3352 451 3412 et
468 3350 596 3414 laetitia
618 3350 794 3436 reponitur.
830 3351 920 3416 Haec
941 3356 1016 3416 erat
1036 3350 1134 3436 posita

141 3426 294 3508 Segestae
308 3449 385 3494 sane
399 3436 527 3500 excelsa
541 3437 576 3500 in
593 3438 675 3520 basi,
692 3439 728 3502 in
744 3459 809 3522 qua
826 3438 1006 3524 grandibus
1024 3437 1133 3504 litters
