2402 3936
266 171 334 230 ΜΒ.
353 171 393 230 111
425 175 503 231 cAP.
522 182 627 231 47-49
646 181 661 242 e
682 165 828 231 ira-no,
985 177 1051 241 315
1145 190 1157 200 ·

51 321 151 386 fructu
186 323 283 403 atque
315 341 354 384 ex
387 341 493 384 annuo
525 320 639 386 labore
670 320 944 404 relinquerentur,
979 325 1050 386 tum

53 412 188 473 aratores
213 406 431 493 Centuripini,
458 408 515 492 qui
541 429 693 472 numerus
720 408 755 472 in
783 429 863 494 agro
890 408 1049 475 Leontino

53 497 202 561 maximus
226 500 290 579 eet,
316 518 416 560 unum
438 495 603 561 inlocum
627 500 858 580 convenerunt,
885 496 1050 562 hominem

52 606 120 650 suae
130 584 275 651 civitatis
287 584 323 648 in
336 583 450 669 primis
464 584 636 650 honesturn
651 606 688 650 ac
701 585 854 670 nobilem,
862 584 1051 651 Andronem

31 672 303 758 sGenturipinum,
328 673 482 759 legarunt
510 670 551 736 ad
572 671 768 757 Apronium,
795 672 931 738 eundem
954 694 1051 757 quem

51 763 104 827 hoo
121 766 270 846 tempore
288 760 329 825 ad
349 761 411 824 hoo
432 759 586 826 iudicium
609 762 755 848 legatum
778 765 811 826 et
833 765 954 827 testem
972 760 1051 828 Oen·

52 850 187 935 turipina
213 847 328 915 civitas
357 848 460 932 misit,
486 852 523 914 ut
549 847 578 913 is
606 849 692 933 apud
719 872 793 916 eum
821 872 952 916 oausam
980 871 1051 915 ara-

52 942 150 1003 torum
171 941 284 1024 ageret
302 938 343 1002 ab
362 957 463 1020 eoque
485 939 620 1021 peteret,
643 941 680 1001 ut
703 938 744 1003 ab
768 939 953 1004 aratoribus
970 935 1050 1003 Oen-

52 1026 195 1110 turipinis
227 1047 268 1090 ue
300 1025 439 1109 amplius
471 1024 505 1088 in
532 1025 646 1111 iugera
674 1025 803 1112 ringula
831 1048 930 1110 quam
956 1030 1050 1091 terna

23 1115 204 1181 emedimna
229 1112 381 1200 erigeret.
425 1111 497 1178 Hoc
527 1113 583 1178 uix
613 1114 654 1178 ab
677 1112 824 1199 Apronio
847 1114 882 1178 in
904 1135 1031 1178 summo
1051 1123 1101 1173 115

52 1202 197 1268 beneficio
216 1223 276 1286 pro
295 1200 346 1284 iis,
370 1201 426 1285 qui
448 1200 548 1265 etiam
570 1205 641 1266 tum
663 1201 840 1267 incolumes
865 1204 967 1284 eraut,
988 1201 1049 1266 im-

52 1293 206 1374 petratum
239 1293 298 1354 est.
351 1287 389 1353 Id
420 1310 493 1355 oum
525 1289 775 1374 impetrabatur,
805 1290 868 1356 hoc
899 1289 1050 1355 videlicet

52 1378 290 1464 impetrabatur,
311 1380 349 1442 ut
366 1399 427 1462 pro
446 1377 585 1464 singulis
604 1378 746 1444 decumis
765 1383 875 1444 ternas
898 1379 1049 1444 decumas

53 1467 119 1532 dare
136 1467 258 1532 liceret.
294 1464 417 1542 Quodsi
434 1469 493 1530 tua
511 1487 562 1530 res
580 1487 647 1532 non
665 1471 825 1553 ageretur,
848 1489 868 1532 a
885 1470 919 1532 te
939 1467 1049 1552 potius

24 1556 262 1640 sportularent,
297 1575 338 1619 ne
376 1553 515 1638 amplius
551 1575 647 1638 quam
680 1555 839 1642 singulas,
877 1578 975 1640 quam
1008 1556 1049 1621 ab

53 1643 201 1729 Apronio,
232 1645 271 1706 ut
302 1664 343 1707 ue
373 1641 448 1726 plus
481 1663 577 1727 quam
610 1646 720 1709 ternas
748 1644 898 1710 decumas
927 1645 1049 1709 darent.

53 1730 145 1815 Nunc,
164 1735 201 1796 ut
217 1731 280 1796 hoo
297 1735 443 1814 tempore
463 1751 510 1814 ea,
529 1731 718 1816 quaeregio
737 1754 794 1797 seu
811 1732 921 1816 potius
940 1735 1050 1815 tyran-

53 1820 113 1884 nice
127 1819 244 1886 statuit
262 1818 297 1884 in
314 1820 460 1883 aratores
474 1817 649 1903 Apronius,
667 1821 928 1902 praetermittam
944 1840 1049 1903 neque

54 1929 99 1973 eos
126 1907 300 1994 appellem,
330 1929 350 1971 a
376 1906 492 1990 quibus
520 1927 614 1972 omne
641 1906 841 1972 frumentum
869 1906 988 1992 eripuit
1016 1909 1049 1972 et

26 1995 161 2079 aquibus
192 1994 275 2060 nihil
301 2016 368 2060 nou
395 1994 492 2059 modo
519 1994 558 2059 de
584 1994 705 2079 fructu,
738 1995 861 2062 sedne
889 1995 928 2059 de
954 1994 1049 2060 bonis

54 2084 172 2168 quidem
200 2083 267 2148 suis
295 2082 411 2167 reliqui
438 2081 529 2167 fecit,
559 2103 598 2148 er
623 2083 713 2150 hisee
739 2083 841 2148 ternis
868 2083 1050 2165 medimnis,

54 2173 130 2255 quod
154 2171 303 2236 beneficii
330 2170 518 2257 gratiaeque
545 2192 644 2236 causa
669 2173 840 2255 concessit,
868 2171 945 2257 quid
967 2171 1049 2237 lucri

53 2261 116 2346 fiat,
137 2260 332 2346 cognoscite.

110 2347 272 2414 Prolessio
290 2351 341 2413 eet
356 2347 429 2434 agri
445 2345 597 2412 Locutini
616 2351 655 2414 ad
674 2349 822 2434 iugerum
840 2355 928 2432 ῑκῖς
950 2350 1031 2415 haec
1052 2321 1102 2450 ξιξ

26 2439 120 2501 nsunt
138 2436 179 2502 ad
196 2435 299 2502 tritici
321 2435 519 2510 medimnum
533 2437 587 2520 ῖὸ,
610 2438 644 2503 id
667 2441 717 2503 est
739 2436 824 2502 mod.
837 2439 975 2521 uffi3
998 2437 1049 2502 de·

54 2524 147 2591 ductis
173 2524 277 2589 tritici
303 2524 388 2590 mod.
405 2525 526 2607 coru,
553 2526 668 2609 quanti
695 2525 846 2590 decumae
871 2525 1049 2609 venierunt,

53 2614 168 2699 reliqua
199 2617 276 2678 suut
305 2612 409 2678 tritici
439 2613 614 2682 cariffi„
647 2613 739 2678 Adde
771 2614 872 2680 totius
905 2633 1048 2678 summae

53 2719 167 2768 nxxxx
194 2701 321 2766 milium
349 2703 434 2766 mod
456 2707 523 2767 tres
553 2701 851 2787 quinquagesimas;
882 2703 921 2766 fit
946 2698 1049 2765 tritici

54 2791 126 2855 nod.
148 2791 337 2857 ffi'ficcw
365 2787 422 2874 (ab
452 2790 601 2856 omnibus
630 2791 715 2856 enim
743 2793 854 2856 ternae
880 2791 1049 2876 praeterea

26 2879 329 2966 oquinquagesimae
346 2877 588 2966 exigebantur);
607 2883 682 2944 sunt
699 2879 780 2943 haec
799 2879 865 2943 ianr
884 2877 925 2942 ad
940 2877 1049 2944 osuii

54 2967 127 3032 mod.
145 2968 256 3033 tritici.
301 2968 347 3032 At
374 2988 435 3053 ego
462 2969 552 3034 oded
580 2967 662 3033 lucri
687 2966 775 3031 facta
799 2987 868 3030 esse
891 2965 1048 3050 dixeram3

53 3057 212 3122 nonenim
233 3055 314 3121 duco
336 3054 372 3119 in
393 3055 455 3120 hac
477 3056 603 3121 ratione
627 3075 695 3137 eos,
719 3054 835 3138 quibus
858 3053 960 3118 ternis
983 3075 1048 3119 me-

54 3141 160 3209 dimnis
179 3164 245 3211 non
268 3147 318 3208 est
340 3143 467 3208 licitum
489 3144 643 3220 decidere.
679 3143 810 3226 Verum,
833 3144 870 3206 ut
892 3141 954 3208 hcc
976 3142 1049 3229 ipsa

54 3232 169 3298 ratione
193 3241 353 3297 sumniam
377 3233 440 3296 mei
462 3232 617 3318 promissi
638 3231 831 3315 compleam,
855 3230 896 3296 ad
919 3231 1049 3317 singula

26 3319 204 3386 snedimna
231 3319 328 3385 multi
355 3318 411 3385 HS
437 3319 546 3405 binos,
573 3319 670 3385 multi
691 3316 747 3383 Hs
775 3318 922 3406 singulos
951 3320 1048 3386 semis

55 3409 233 3475 accessionis
261 3408 463 3494 cogebantur
491 3409 580 3493 dare,
609 3408 665 3493 qui
691 3407 874 3492 minimum,
902 3408 1047 3494 singulos

54 3513 200 3564 nummos.
240 3495 411 3594 Minimum
438 3500 475 3562 ut
504 3517 689 3582 sequamur,
716 3496 869 3581 quoniam
894 3501 940 3564 x'c
967 3495 1047 3561 med
