2402 3936
157 144 223 208 320
457 143 498 197 IN
517 142 546 198 Ο.
560 142 717 197 VERREM
733 142 812 198 AGT.
830 144 864 198 Π.

157 308 192 352 se
203 285 332 352 misisse
344 290 378 352 et
391 287 609 370 confirmasse,
622 307 765 353 suamne
778 285 1011 370 interposuisse
1025 287 1148 352 auctori·

156 379 273 460 tatem3
295 379 426 442 tantum
448 375 544 442 modo
566 376 752 443 aratoribus
770 373 923 439 Metellus
946 374 1073 440 obsides
1093 397 1150 439 noo

156 463 245 530 dedit
264 486 299 530 se
317 464 352 529 in
369 464 462 531 nulla
478 485 513 529 rc
526 463 640 530 Verris
663 464 803 529 similem
825 461 982 528 futurum.
1016 462 1134 547 Atqui

157 555 207 618 est
229 553 374 636 tandem,
395 552 431 616 in
454 574 517 637 quo
540 573 575 618 se
599 553 784 618 elaborasse
807 550 908 616 dicit?
947 550 1070 617 Recita.
1106 549 1151 615 Ur

156 657 351 724 errrorem,
379 658 440 718 om
462 658 607 719 usuram
628 658 758 726 sumn,
785 656 884 718 Quam
904 656 1085 706 rusulum(
1105 656 1172 704 sss-s

156 747 305 795 annuns.
345 728 410 805 Qui
432 729 572 812 reliqui?
595 729 672 815 qnid
693 728 757 795 hoc
777 731 830 793 est
852 725 1016 812 ‘reliqni't
1039 749 1100 812 quo
1121 749 1153 792 ex

156 818 258 900 bello,
284 838 348 900 qua
376 837 415 882 ex
436 817 617 884 vastitate?
657 815 747 892 Quae
769 816 856 882 enim
878 815 915 880 in
938 815 1050 882 Sicilia
1070 819 1153 882 tanta

157 904 264 970 clades
288 909 346 970 aut
369 904 455 989 quod
477 905 601 970 bellum
623 910 694 971 tam
717 905 918 988 diuturnum,
940 909 1011 970 tam
1033 904 1153 971 calami·

156 996 266 1058 tusum
283 996 317 1058 te
334 997 485 1077 praetore
502 997 668 1060 versatum
686 998 746 1078 est,
768 997 806 1058 ut
822 993 861 1076 is,
884 992 941 1077 qui
958 993 1022 1058 tibi
1044 1013 1153 1058 succes·

104 1137 148 1201 54
157 1082 246 1166 serit,
263 1081 406 1167 reliquos
425 1087 571 1148 aratores
586 1082 757 1168 collegisse
771 1086 805 1147 et
817 1103 981 1147 recreasse
994 1080 1153 1147 videatur?
1164 1097 1183 1138 ιο

105 1214 155 1264 125
224 1169 306 1236 Cum
323 1170 419 1236 bellis
434 1169 758 1257 Carthaginiensibus
776 1168 888 1236 Sicilia
909 1173 1029 1236 vexata
1051 1174 1107 1254 est,
1127 1173 1154 1233 et

36 1269 38 1274 '
156 1262 233 1345 post
258 1263 373 1325 nostra
399 1262 593 1344 patrumque
620 1259 777 1325 memoria
801 1257 951 1324 cumbis
973 1258 1010 1323 in
1030 1280 1069 1324 ea
1088 1279 1153 1343 pro

155 1347 263 1412 vincia
277 1369 415 1434 magnae
428 1347 644 1434 fugitivorum
657 1347 768 1432 copiae
784 1351 933 1412 versatae
951 1350 1038 1431 sunt,
1055 1351 1154 1412 tamen

147 1439 325 1514 ¹aratorum
341 1436 489 1502 interitio
506 1436 595 1502 facta
611 1437 703 1501 nulla
726 1439 785 1501 est.
821 1434 906 1500 'Pom
928 1435 1068 1500 sementi
1087 1455 1153 1520 pro-

155 1523 262 1588 hibita
295 1526 353 1589 aut
386 1545 493 1590 messe
514 1523 647 1590 ,amissa
677 1523 802 1590 fructus
835 1545 962 1589 annuus
994 1523 1182 1604 interibat31⁵

156 1615 268 1677 tamen
292 1611 464 1678 incolumis
486 1633 639 1678 numerus
662 1612 816 1678 manebat
839 1612 1046 1678 dominorum
1068 1616 1153 1696 atque

156 1703 337 1784 aratorum3
368 1703 453 1785 tum,
484 1701 541 1785 qui
566 1700 610 1766 Μ.
632 1699 775 1767 Laevino
805 1703 863 1766 aut
889 1700 925 1766 P.
947 1700 1080 1786 Rupilio
1104 1702 1153 1765 aut

86 1829 90 1839 ι
155 1785 208 1854 Μ’.
222 1788 355 1874 Aquilio
374 1793 540 1875 praetores
558 1789 594 1853 in
616 1811 688 1854 eam
709 1788 912 1874 provinciam
934 1792 1153 1868 successerant,

157 1881 303 1943 aratores
319 1878 462 1962 reliquos
475 1899 543 1943 non
555 1877 763 1964 colligebant
795 1876 943 1942 Tantone
961 1877 1037 1962 plus
1045 1877 1153 1942 Verres

156 1986 230 2032 cum
239 1965 386 2050 Apronio
402 1965 587 2050 provinciae
605 1964 734 2032 Siciliae
751 1965 951 2031 calamitatis
973 1964 1153 2050 importavit
1163 1979 1183 2018 ὀ

156 2052 1154 2228 ttitttmflttttttfltittttsftfttptl

156 2227 217 2292 bus
248 2227 330 2311 illis,
362 2228 459 2293 simul
489 2233 586 2314 atquc
617 2230 723 2296 hostis
753 2234 926 2314 superatus
955 2235 1055 2314 esset,
1086 2249 1152 2314 ager

156 2319 304 2381 araretur
339 2316 445 2382 omnis
481 2337 585 2403 neque
622 2318 745 2385 aratori
780 2321 914 2404 praetor
932 2339 1004 2402 -per
1035 2319 1152 2384 litteras

157 2401 355 2488 supplicaret
372 2426 476 2491 neque
494 2427 569 2472 eum
586 2428 738 2491 praesens
757 2410 875 2491 oraret,
891 2410 1048 2492 utquam
1064 2405 1180 2493 pluri-⁹⁵

56 2495 61 2506 '
156 2514 245 2558 mum
277 2499 412 2577 sereret3
443 2517 528 2560 nunc
560 2499 669 2561 autem
699 2517 739 2560 nc
770 2499 847 2580 post
878 2494 1005 2560 abitum
1035 2494 1152 2580 quidem

155 2581 252 2647 huius
288 2580 586 2666 importunissimae
621 2583 723 2668 pestis
756 2582 928 2668 quisquam
959 2583 1151 2668 reperiretur,

157 2670 214 2754 qui
237 2691 296 2735 sua
317 2671 488 2737 voluntate
510 2675 628 2756 araret,
649 2671 745 2756 pauci
767 2675 877 2737 essent
899 2670 1028 2757 reliqui,
1050 2671 1104 2756 qui
1121 2668 1151 2734 L.

156 2757 282 2824 Metelli
314 2760 508 2826 auctoritate
539 2759 575 2824 iu
606 2780 703 2846 agros
735 2762 832 2844 atque
865 2759 906 2825 ad
936 2782 1031 2826 suum
1060 2761 1150 2825 larem

156 2845 352 2912 familiarem
374 2847 539 2913 redirent?
1160 2857 1178 2898 ³⁰

106 2935 157 2987 126
223 2933 285 3002 His
318 2939 351 3001 te
383 2935 518 3020 litteris,
551 2935 649 3002 homo
682 2935 894 3003 audacissime
926 2941 1026 3022 atque
1056 2955 1151 3002 amen·

157 3021 297 3108 tissime,
323 3024 507 3111 iugulatum
535 3045 693 3090 essenon
715 3025 840 3090 sentis?
870 3045 938 3090 non
959 3025 1063 3109 vides,
1088 3041 1150 3090 cum

156 3108 200 3192 is,
228 3111 284 3193 qui
306 3111 368 3178 tibi
391 3112 557 3197 successit,
584 3116 729 3178 aratores
752 3113 897 3198 reliquos
921 3115 1079 3200 appellet,
1098 3111 1149 3176 hoc

157 3217 231 3261 eum
259 3197 377 3264 diserte
402 3201 555 3284 scribere,
582 3199 725 3284 reliquos
738 3201 808 3270 ,hos
832 3223 902 3267 esse
924 3222 991 3267 non
1013 3224 1053 3268 ex
1073 3198 1148 3266 bello

156 3303 260 3364 neque
293 3307 331 3350 ex
363 3288 473 3371 aliqua
504 3289 693 3361 eiusmodi
724 3289 924 3374 calamitate,
956 3290 1013 3356 sed
1040 3311 1077 3356 ex
1101 3292 1178 3352 tuo3⁵

157 3368 290 3451 scelere,
320 3372 582 3459 importunitate,
612 3377 764 3461 avaritia,
791 3377 1004 3444 crudelitate?
1048 3375 1148 3442 Recita

156 3455 272 3518 cetera.
316 3456 441 3545 Tenus
469 3481 537 3529 erro
565 3481 626 3549 no,
657 3482 901 3532 scrumosus
929 3477 1148 3533 nmrrcuurss
