<?xml version="1.0" encoding="UTF-8"?>
<!DOCTYPE html PUBLIC "-//W3C//DTD XHTML 1.0 Transitional//EN"
    "http://www.w3.org/TR/xhtml1/DTD/xhtml1-transitional.dtd">
<html xmlns="http://www.w3.org/1999/xhtml" xml:lang="en" lang="en">
 <head>
  <title>
</title>
<meta http-equiv="Content-Type" content="text/html;charset=utf-8" />
  <meta name='ocr-system' content='tesseract 3.04.00' />
  <meta name='ocr-capabilities' content='ocr_page ocr_carea ocr_par ocr_line ocrx_word'/>
</head>
<body>
  <div class='ocr_page' id='page_1' title='image "./mtulliiciceroni02mlgoog/mtulliiciceroni02mlgoog_0526.png"; bbox 0 0 2404 3928; ppageno 0'>
   <div class='ocr_carea' id='block_1_1' title="bbox 280 130 1063 212">
    <p class='ocr_par' dir='ltr' id='par_1_1' title="bbox 280 130 1063 212">
     <span class='ocr_line' id='line_1_1' title="bbox 280 130 1063 212; baseline 0.02 -28"><span class='ocrx_word' id='word_1_1' title='bbox 280 130 347 212; x_wconf 69' lang='lat' dir='ltr'><strong>clu.</strong></span> <span class='ocrx_word' id='word_1_2' title='bbox 365 131 405 188; x_wconf 80' lang='grc' dir='ltr'><em>Ν</em></span> <span class='ocrx_word' id='word_1_3' title='bbox 437 131 516 188; x_wconf 80' lang='lat' dir='ltr'><strong>cAP.</strong></span> <span class='ocrx_word' id='word_1_4' title='bbox 536 138 640 190; x_wconf 77' lang='grc' dir='ltr'>ιι-ιι</span> <span class='ocrx_word' id='word_1_5' title='bbox 659 140 674 201; x_wconf 71' lang='lat' dir='ltr'><strong>a</strong></span> <span class='ocrx_word' id='word_1_6' title='bbox 695 140 842 191; x_wconf 81' lang='lat' dir='ltr'><strong>raa-ree.</strong></span> <span class='ocrx_word' id='word_1_7' title='bbox 998 135 1063 200; x_wconf 76' lang='lat'><strong>417</strong></span> 
     </span>
    </p>
   </div>
   <div class='ocr_carea' id='block_1_2' title="bbox 11 274 1154 3622">
    <p class='ocr_par' dir='ltr' id='par_1_2' title="bbox 11 274 1154 3622">
     <span class='ocr_line' id='line_1_2' title="bbox 48 274 1064 366; baseline 0.005 -26"><span class='ocrx_word' id='word_1_8' title='bbox 48 279 151 340; x_wconf 85' lang='lat' dir='ltr'><strong>erant</strong></span> <span class='ocrx_word' id='word_1_9' title='bbox 166 274 345 360; x_wconf 83' lang='lat' dir='ltr'><strong>eiusmodi,</strong></span> <span class='ocrx_word' id='word_1_10' title='bbox 363 280 401 342; x_wconf 88' lang='lat' dir='ltr'><strong>ut</strong></span> <span class='ocrx_word' id='word_1_11' title='bbox 414 277 514 342; x_wconf 89' lang='lat' dir='ltr'><strong>semel</strong></span> <span class='ocrx_word' id='word_1_12' title='bbox 528 277 648 344; x_wconf 78' lang='lat' dir='ltr'><strong>vidisse</strong></span> <span class='ocrx_word' id='word_1_13' title='bbox 663 278 743 344; x_wconf 83' lang='lat' dir='ltr'><strong>satis</strong></span> <span class='ocrx_word' id='word_1_14' title='bbox 758 279 881 366; x_wconf 74' lang='lat' dir='ltr'><strong>essetJ),</strong></span> <span class='ocrx_word' id='word_1_15' title='bbox 899 279 933 346; x_wconf 86' lang='lat' dir='ltr'><strong>iu</strong></span> <span class='ocrx_word' id='word_1_16' title='bbox 947 279 1064 364; x_wconf 85' lang='lat' dir='ltr'><strong>quibus</strong></span> 
     </span>
     <span class='ocr_line' id='line_1_3' title="bbox 47 363 1065 452; baseline 0.006 -24"><span class='ocrx_word' id='word_1_17' title='bbox 47 383 162 448; x_wconf 87' lang='lat' dir='ltr'><strong>neque</strong></span> <span class='ocrx_word' id='word_1_18' title='bbox 181 385 279 430; x_wconf 89' lang='lat' dir='ltr'><strong>manu</strong></span> <span class='ocrx_word' id='word_1_19' title='bbox 296 363 419 430; x_wconf 85' lang='lat' dir='ltr'><strong>fectum</strong></span> <span class='ocrx_word' id='word_1_20' title='bbox 441 366 614 450; x_wconf 89' lang='lat' dir='ltr'><strong>quicquam</strong></span> <span class='ocrx_word' id='word_1_21' title='bbox 636 385 740 450; x_wconf 88' lang='lat' dir='ltr'><strong>neque</strong></span> <span class='ocrx_word' id='word_1_22' title='bbox 762 367 971 452; x_wconf 87' lang='lat' dir='ltr'><strong>pulchritudo</strong></span> <span class='ocrx_word' id='word_1_23' title='bbox 994 372 1065 434; x_wconf 87' lang='lat' dir='ltr'><strong>erat</strong></span> 
     </span>
     <span class='ocr_line' id='line_1_4' title="bbox 48 452 1064 542; baseline 0.006 -26"><span class='ocrx_word' id='word_1_24' title='bbox 48 453 139 534; x_wconf 87' lang='lat' dir='ltr'><strong>nlla,</strong></span> <span class='ocrx_word' id='word_1_25' title='bbox 169 452 226 517; x_wconf 86' lang='lat' dir='ltr'><strong>sed</strong></span> <span class='ocrx_word' id='word_1_26' title='bbox 252 456 381 518; x_wconf 83' lang='lat' dir='ltr'><strong>tentum</strong></span> <span class='ocrx_word' id='word_1_27' title='bbox 409 453 600 540; x_wconf 82' lang='lat' dir='ltr'><strong>magnitudo</strong></span> <span class='ocrx_word' id='word_1_28' title='bbox 623 454 835 541; x_wconf 87' lang='lat' dir='ltr'><strong>incredibilis,</strong></span> <span class='ocrx_word' id='word_1_29' title='bbox 863 455 902 522; x_wconf 87' lang='lat' dir='ltr'><strong>de</strong></span> <span class='ocrx_word' id='word_1_30' title='bbox 925 477 989 542; x_wconf 91' lang='lat' dir='ltr'><strong>qua</strong></span> <span class='ocrx_word' id='word_1_31' title='bbox 1012 457 1064 522; x_wconf 86' lang='lat' dir='ltr'><strong>vel</strong></span> 
     </span>
     <span class='ocr_line' id='line_1_5' title="bbox 50 540 1064 630; baseline 0.001 -23"><span class='ocrx_word' id='word_1_32' title='bbox 50 540 171 607; x_wconf 90' lang='lat' dir='ltr'><strong>audire</strong></span> <span class='ocrx_word' id='word_1_33' title='bbox 199 541 280 607; x_wconf 89' lang='lat' dir='ltr'><strong>satis</strong></span> <span class='ocrx_word' id='word_1_34' title='bbox 308 545 406 625; x_wconf 89' lang='lat' dir='ltr'><strong>esset,</strong></span> <span class='ocrx_word' id='word_1_35' title='bbox 437 542 574 608; x_wconf 87' lang='lat' dir='ltr'><strong>nimium</strong></span> <span class='ocrx_word' id='word_1_36' title='bbox 601 542 708 609; x_wconf 88' lang='lat' dir='ltr'><strong>videre</strong></span> <span class='ocrx_word' id='word_1_37' title='bbox 735 545 809 629; x_wconf 90' lang='lat' dir='ltr'><strong>plus</strong></span> <span class='ocrx_word' id='word_1_38' title='bbox 838 565 936 630; x_wconf 88' lang='lat' dir='ltr'><strong>quam</strong></span> <span class='ocrx_word' id='word_1_39' title='bbox 963 544 1064 610; x_wconf 89' lang='lat' dir='ltr'><strong>semel</strong></span> 
     </span>
     <span class='ocr_line' id='line_1_6' title="bbox 21 629 1154 754; baseline 0.004 -60"><span class='ocrx_word' id='word_1_40' title='bbox 21 645 100 686; x_wconf 84' lang='lat'><strong>⁵·-</strong></span> <span class='ocrx_word' id='word_1_41' title='bbox 125 629 283 695; x_wconf 86' lang='lat' dir='ltr'><strong>etiamid</strong></span> <span class='ocrx_word' id='word_1_42' title='bbox 306 629 507 715; x_wconf 69' lang='lat' dir='ltr'><strong>concupisti?</strong></span> <span class='ocrx_word' id='word_1_43' title='bbox 1074 689 1117 754; x_wconf 66' lang='lat'><strong>57</strong></span> <span class='ocrx_word' id='word_1_44' title='bbox 1152 717 1154 724; x_wconf 16' lang='grc' dir='ltr'><strong><em>γ</em></strong></span> 
     </span>
     <span class='ocr_line' id='line_1_7' title="bbox 122 715 1117 816; baseline 0.002 -33"><span class='ocrx_word' id='word_1_45' title='bbox 122 717 211 784; x_wconf 90' lang='lat' dir='ltr'><strong>Nam</strong></span> <span class='ocrx_word' id='word_1_46' title='bbox 233 715 379 803; x_wconf 81' lang='lat' dir='ltr'>Sappho,</span> <span class='ocrx_word' id='word_1_47' title='bbox 406 739 489 804; x_wconf 88' lang='lat' dir='ltr'><strong>quae</strong></span> <span class='ocrx_word' id='word_1_48' title='bbox 512 719 643 786; x_wconf 75' lang='lat' dir='ltr'><strong>sublata</strong></span> <span class='ocrx_word' id='word_1_49' title='bbox 665 719 705 786; x_wconf 89' lang='lat' dir='ltr'><strong>de</strong></span> <span class='ocrx_word' id='word_1_50' title='bbox 727 721 880 806; x_wconf 83' lang='lat' dir='ltr'><strong>prytanio</strong></span> <span class='ocrx_word' id='word_1_51' title='bbox 903 726 967 806; x_wconf 90' lang='lat' dir='ltr'><strong>est,</strong></span> <span class='ocrx_word' id='word_1_52' title='bbox 990 721 1117 816; x_wconf 74' lang='lat' dir='ltr'><strong>(lat126</strong></span> 
     </span>
     <span class='ocr_line' id='line_1_8' title="bbox 49 806 1064 895; baseline 0.002 -24"><span class='ocrx_word' id='word_1_53' title='bbox 49 806 119 872; x_wconf 88' lang='lat' dir='ltr'><strong>tibi</strong></span> <span class='ocrx_word' id='word_1_54' title='bbox 133 806 256 873; x_wconf 84' lang='lat' dir='ltr'><strong>iustam</strong></span> <span class='ocrx_word' id='word_1_55' title='bbox 270 807 518 891; x_wconf 82' lang='lat' dir='ltr'><strong>excusationem,</strong></span> <span class='ocrx_word' id='word_1_56' title='bbox 535 829 636 894; x_wconf 91' lang='lat' dir='ltr'><strong>prope</strong></span> <span class='ocrx_word' id='word_1_57' title='bbox 654 813 692 874; x_wconf 92' lang='lat' dir='ltr'><strong>ut</strong></span> <span class='ocrx_word' id='word_1_58' title='bbox 709 810 946 876; x_wconf 81' lang='lat' dir='ltr'><strong>concedendum</strong></span> <span class='ocrx_word' id='word_1_59' title='bbox 966 813 1064 895; x_wconf 88' lang='lat' dir='ltr'><strong>atque</strong></span> 
     </span>
     <span class='ocr_line' id='line_1_9' title="bbox 49 893 1117 985; baseline -0.001 -26"><span class='ocrx_word' id='word_1_60' title='bbox 49 894 290 980; x_wconf 82' lang='lat' dir='ltr'><strong>ignoscendum</strong></span> <span class='ocrx_word' id='word_1_61' title='bbox 304 915 375 960; x_wconf 77' lang='lat' dir='ltr'><strong>sese</strong></span> <span class='ocrx_word' id='word_1_62' title='bbox 388 894 544 961; x_wconf 74' lang='lat' dir='ltr'><strong>videatur.</strong></span> <span class='ocrx_word' id='word_1_63' title='bbox 576 893 752 962; x_wconf 75' lang='lat' dir='ltr'><strong>Silanionis</strong></span> <span class='ocrx_word' id='word_1_64' title='bbox 766 919 848 984; x_wconf 91' lang='lat' dir='ltr'><strong>opus</strong></span> <span class='ocrx_word' id='word_1_65' title='bbox 866 903 936 964; x_wconf 88' lang='lat' dir='ltr'><strong>tam</strong></span> <span class='ocrx_word' id='word_1_66' title='bbox 954 920 1027 985; x_wconf 89' lang='lat' dir='ltr'><strong>per·</strong></span> <span class='ocrx_word' id='word_1_67' title='bbox 1040 904 1117 974; x_wconf 79' lang='lat' dir='ltr'><strong>(rao)</strong></span> 
     </span>
     <span class='ocr_line' id='line_1_10' title="bbox 49 983 1065 1071; baseline 0.006 -24"><span class='ocrx_word' id='word_1_68' title='bbox 49 983 193 1066; x_wconf 83' lang='lat' dir='ltr'><strong>fectum,</strong></span> <span class='ocrx_word' id='word_1_69' title='bbox 218 986 288 1048; x_wconf 90' lang='lat' dir='ltr'><strong>tam</strong></span> <span class='ocrx_word' id='word_1_70' title='bbox 311 983 457 1069; x_wconf 76' lang='lat' dir='ltr'><strong>elegans,</strong></span> <span class='ocrx_word' id='word_1_71' title='bbox 483 987 553 1048; x_wconf 87' lang='lat' dir='ltr'><strong>tam</strong></span> <span class='ocrx_word' id='word_1_72' title='bbox 575 985 780 1050; x_wconf 88' lang='lat' dir='ltr'><strong>elaboratum</strong></span> <span class='ocrx_word' id='word_1_73' title='bbox 803 987 974 1071; x_wconf 89' lang='lat' dir='ltr'><strong>quisquam</strong></span> <span class='ocrx_word' id='word_1_74' title='bbox 998 1007 1065 1052; x_wconf 89' lang='lat' dir='ltr'><strong>non</strong></span> 
     </span>
     <span class='ocr_line' id='line_1_11' title="bbox 11 1070 1063 1160; baseline 0.005 -25"><span class='ocrx_word' id='word_1_75' title='bbox 11 1089 37 1128; x_wconf 77' lang='grc' dir='ltr'><strong>ιο</strong></span> <span class='ocrx_word' id='word_1_76' title='bbox 50 1070 156 1137; x_wconf 89' lang='lat' dir='ltr'><strong>modo</strong></span> <span class='ocrx_word' id='word_1_77' title='bbox 170 1071 327 1156; x_wconf 83' lang='lat' dir='ltr'><strong>privatus,</strong></span> <span class='ocrx_word' id='word_1_78' title='bbox 346 1071 402 1137; x_wconf 87' lang='lat' dir='ltr'><strong>sed</strong></span> <span class='ocrx_word' id='word_1_79' title='bbox 414 1073 556 1157; x_wconf 90' lang='lat' dir='ltr'><strong>populus</strong></span> <span class='ocrx_word' id='word_1_80' title='bbox 568 1072 677 1156; x_wconf 88' lang='lat' dir='ltr'><strong>potius</strong></span> <span class='ocrx_word' id='word_1_81' title='bbox 693 1073 830 1140; x_wconf 88' lang='lat' dir='ltr'><strong>haberet</strong></span> <span class='ocrx_word' id='word_1_82' title='bbox 848 1097 946 1160; x_wconf 87' lang='lat' dir='ltr'><strong>quam</strong></span> <span class='ocrx_word' id='word_1_83' title='bbox 964 1075 1063 1140; x_wconf 91' lang='lat' dir='ltr'><strong>homo</strong></span> 
     </span>
     <span class='ocr_line' id='line_1_12' title="bbox 49 1159 1064 1247; baseline 0.005 -23"><span class='ocrx_word' id='word_1_84' title='bbox 49 1160 321 1246; x_wconf 79' lang='lat' dir='ltr'><strong>elegantissimus</strong></span> <span class='ocrx_word' id='word_1_85' title='bbox 340 1163 438 1245; x_wconf 88' lang='lat' dir='ltr'><strong>atque</strong></span> <span class='ocrx_word' id='word_1_86' title='bbox 455 1160 701 1247; x_wconf 88' lang='lat' dir='ltr'><strong>eruditissimus,</strong></span> <span class='ocrx_word' id='word_1_87' title='bbox 718 1159 860 1229; x_wconf 78' lang='lat' dir='ltr'><strong>Verres?</strong></span> <span class='ocrx_word' id='word_1_88' title='bbox 900 1162 1064 1230; x_wconf 86' lang='lat' dir='ltr'><strong>Nimirum</strong></span> 
     </span>
     <span class='ocr_line' id='line_1_13' title="bbox 50 1247 1064 1337; baseline 0.004 -23"><span class='ocrx_word' id='word_1_89' title='bbox 50 1253 172 1314; x_wconf 88' lang='lat' dir='ltr'><strong>contra</strong></span> <span class='ocrx_word' id='word_1_90' title='bbox 191 1248 255 1314; x_wconf 85' lang='lat' dir='ltr'><strong>dici</strong></span> <span class='ocrx_word' id='word_1_91' title='bbox 272 1247 354 1314; x_wconf 91' lang='lat' dir='ltr'><strong>nihil</strong></span> <span class='ocrx_word' id='word_1_92' title='bbox 371 1252 489 1334; x_wconf 84' lang='lat' dir='ltr'><strong>potest</strong></span> <span class='ocrx_word' id='word_1_93' title='bbox 524 1247 685 1315; x_wconf 88' lang='lat' dir='ltr'><strong>Nostrum</strong></span> <span class='ocrx_word' id='word_1_94' title='bbox 703 1251 789 1316; x_wconf 88' lang='lat' dir='ltr'><strong>enim</strong></span> <span class='ocrx_word' id='word_1_95' title='bbox 811 1271 896 1318; x_wconf 91' lang='lat' dir='ltr'><strong>unus</strong></span> <span class='ocrx_word' id='word_1_96' title='bbox 919 1253 1064 1337; x_wconf 87' lang='lat' dir='ltr'><strong>quisque,</strong></span> 
     </span>
     <span class='ocr_line' id='line_1_14' title="bbox 51 1336 1064 1424; baseline 0.004 -22"><span class='ocrx_word' id='word_1_97' title='bbox 51 1337 114 1422; x_wconf 90' lang='lat' dir='ltr'><strong>qui</strong></span> <span class='ocrx_word' id='word_1_98' title='bbox 136 1339 207 1402; x_wconf 88' lang='lat' dir='ltr'><strong>tam</strong></span> <span class='ocrx_word' id='word_1_99' title='bbox 229 1336 331 1421; x_wconf 86' lang='lat' dir='ltr'><strong>beati,</strong></span> <span class='ocrx_word' id='word_1_100' title='bbox 358 1357 456 1420; x_wconf 89' lang='lat' dir='ltr'><strong>quam</strong></span> <span class='ocrx_word' id='word_1_101' title='bbox 477 1336 541 1402; x_wconf 90' lang='lat' dir='ltr'><strong>iste</strong></span> <span class='ocrx_word' id='word_1_102' title='bbox 564 1341 628 1422; x_wconf 90' lang='lat' dir='ltr'><strong>est,</strong></span> <span class='ocrx_word' id='word_1_103' title='bbox 654 1359 721 1404; x_wconf 90' lang='lat' dir='ltr'><strong>non</strong></span> <span class='ocrx_word' id='word_1_104' title='bbox 744 1359 869 1424; x_wconf 76' lang='lat' dir='ltr'><strong>sumus,</strong></span> <span class='ocrx_word' id='word_1_105' title='bbox 894 1343 964 1408; x_wconf 88' lang='lat' dir='ltr'><strong>tam</strong></span> <span class='ocrx_word' id='word_1_106' title='bbox 988 1341 1064 1406; x_wconf 88' lang='lat' dir='ltr'><strong>deli·</strong></span> 
     </span>
     <span class='ocr_line' id='line_1_15' title="bbox 51 1425 1065 1513; baseline 0.002 -21"><span class='ocrx_word' id='word_1_107' title='bbox 51 1425 123 1492; x_wconf 84' lang='lat' dir='ltr'><strong>cati</strong></span> <span class='ocrx_word' id='word_1_108' title='bbox 141 1445 213 1490; x_wconf 85' lang='lat' dir='ltr'><strong>esse</strong></span> <span class='ocrx_word' id='word_1_109' title='bbox 231 1444 297 1491; x_wconf 90' lang='lat' dir='ltr'><strong>non</strong></span> <span class='ocrx_word' id='word_1_110' title='bbox 314 1445 497 1510; x_wconf 84' lang='lat' dir='ltr'><strong>possumus,</strong></span> <span class='ocrx_word' id='word_1_111' title='bbox 519 1426 548 1490; x_wconf 89' lang='lat' dir='ltr'><strong>si</strong></span> <span class='ocrx_word' id='word_1_112' title='bbox 567 1427 695 1510; x_wconf 88' lang='lat' dir='ltr'><strong>quando</strong></span> <span class='ocrx_word' id='word_1_113' title='bbox 716 1427 839 1513; x_wconf 87' lang='lat' dir='ltr'><strong>aliquid</strong></span> <span class='ocrx_word' id='word_1_114' title='bbox 857 1428 953 1495; x_wconf 88' lang='lat' dir='ltr'><strong>istius</strong></span> <span class='ocrx_word' id='word_1_115' title='bbox 976 1430 1065 1495; x_wconf 90' lang='lat' dir='ltr'><strong>modi</strong></span> 
     </span>
     <span class='ocr_line' id='line_1_16' title="bbox 16 1513 1064 1601; baseline 0.005 -23"><span class='ocrx_word' id='word_1_116' title='bbox 16 1531 40 1571; x_wconf 78' lang='lat' dir='ltr'><strong>u</strong></span> <span class='ocrx_word' id='word_1_117' title='bbox 52 1513 169 1579; x_wconf 78' lang='lat' dir='ltr'><strong>videre</strong></span> <span class='ocrx_word' id='word_1_118' title='bbox 182 1513 280 1598; x_wconf 81' lang='lat' dir='ltr'><strong>volet,</strong></span> <span class='ocrx_word' id='word_1_119' title='bbox 299 1516 353 1580; x_wconf 92' lang='lat' dir='ltr'><strong>eat</strong></span> <span class='ocrx_word' id='word_1_120' title='bbox 367 1513 408 1579; x_wconf 79' lang='lat' dir='ltr'><strong>ad</strong></span> <span class='ocrx_word' id='word_1_121' title='bbox 427 1514 538 1580; x_wconf 75' lang='lat' dir='ltr'><strong>mdem</strong></span> <span class='ocrx_word' id='word_1_122' title='bbox 551 1513 741 1601; x_wconf 74' lang='lat' dir='ltr'><strong>Felicitatis,</strong></span> <span class='ocrx_word' id='word_1_123' title='bbox 761 1517 802 1582; x_wconf 86' lang='lat' dir='ltr'><strong>ad</strong></span> <span class='ocrx_word' id='word_1_124' title='bbox 819 1522 1064 1584; x_wconf 88' lang='lat' dir='ltr'><strong>monumentum</strong></span> 
     </span>
     <span class='ocr_line' id='line_1_17' title="bbox 52 1601 1064 1690; baseline 0.003 -21"><span class='ocrx_word' id='word_1_125' title='bbox 52 1601 178 1685; x_wconf 80' lang='lat' dir='ltr'><strong>catuli,</strong></span> <span class='ocrx_word' id='word_1_126' title='bbox 195 1602 230 1666; x_wconf 90' lang='lat' dir='ltr'><strong>in</strong></span> <span class='ocrx_word' id='word_1_127' title='bbox 247 1603 410 1690; x_wconf 88' lang='lat' dir='ltr'><strong>porticum</strong></span> <span class='ocrx_word' id='word_1_128' title='bbox 427 1601 562 1686; x_wconf 88' lang='lat' dir='ltr'><strong>Metelli,</strong></span> <span class='ocrx_word' id='word_1_129' title='bbox 581 1603 636 1668; x_wconf 87' lang='lat' dir='ltr'><strong>det</strong></span> <span class='ocrx_word' id='word_1_130' title='bbox 654 1625 796 1690; x_wconf 80' lang='lat' dir='ltr'><strong>operum,</strong></span> <span class='ocrx_word' id='word_1_131' title='bbox 816 1609 854 1670; x_wconf 87' lang='lat' dir='ltr'><strong>ut</strong></span> <span class='ocrx_word' id='word_1_132' title='bbox 872 1605 1064 1672; x_wconf 79' lang='lat' dir='ltr'><strong>admittatur</strong></span> 
     </span>
     <span class='ocr_line' id='line_1_18' title="bbox 51 1689 1065 1778; baseline 0.004 -22"><span class='ocrx_word' id='word_1_133' title='bbox 51 1692 88 1756; x_wconf 88' lang='lat' dir='ltr'><strong>in</strong></span> <span class='ocrx_word' id='word_1_134' title='bbox 116 1691 253 1758; x_wconf 85' lang='lat' dir='ltr'><strong>alicuius</strong></span> <span class='ocrx_word' id='word_1_135' title='bbox 275 1690 414 1758; x_wconf 88' lang='lat' dir='ltr'><strong>istorum</strong></span> <span class='ocrx_word' id='word_1_136' title='bbox 436 1689 668 1776; x_wconf 83' lang='lat' dir='ltr'><strong>Tusculanum,</strong></span> <span class='ocrx_word' id='word_1_137' title='bbox 694 1697 820 1778; x_wconf 82' lang='lat' dir='ltr'><strong>spectet</strong></span> <span class='ocrx_word' id='word_1_138' title='bbox 840 1692 949 1759; x_wconf 81' lang='lat' dir='ltr'><strong>forum</strong></span> <span class='ocrx_word' id='word_1_139' title='bbox 972 1715 1065 1760; x_wconf 78' lang='lat' dir='ltr'><strong>orna-</strong></span> 
     </span>
     <span class='ocr_line' id='line_1_19' title="bbox 51 1778 1144 1870; baseline 0.004 -26"><span class='ocrx_word' id='word_1_140' title='bbox 51 1785 137 1864; x_wconf 86' lang='lat' dir='ltr'><strong>tum,</strong></span> <span class='ocrx_word' id='word_1_141' title='bbox 157 1780 186 1843; x_wconf 89' lang='lat' dir='ltr'><strong>si</strong></span> <span class='ocrx_word' id='word_1_142' title='bbox 200 1778 353 1864; x_wconf 89' lang='lat' dir='ltr'><strong>quidiste</strong></span> <span class='ocrx_word' id='word_1_143' title='bbox 372 1801 504 1847; x_wconf 87' lang='lat' dir='ltr'><strong>suorum</strong></span> <span class='ocrx_word' id='word_1_144' title='bbox 523 1779 681 1846; x_wconf 86' lang='lat' dir='ltr'><strong>aedilibus</strong></span> <span class='ocrx_word' id='word_1_145' title='bbox 700 1781 927 1866; x_wconf 86' lang='lat' dir='ltr'><strong>commodarit;</strong></span> <span class='ocrx_word' id='word_1_146' title='bbox 945 1778 1064 1848; x_wconf 87' lang='lat' dir='ltr'><strong>Verres</strong></span> <span class='ocrx_word' id='word_1_147' title='bbox 1141 1863 1144 1870; x_wconf 33' lang='grc' dir='ltr'>Ι</span> 
     </span>
     <span class='ocr_line' id='line_1_20' title="bbox 51 1867 1064 1956; baseline 0.003 -22"><span class='ocrx_word' id='word_1_148' title='bbox 51 1868 137 1934; x_wconf 88' lang='lat' dir='ltr'><strong>haec</strong></span> <span class='ocrx_word' id='word_1_149' title='bbox 161 1868 282 1934; x_wconf 85' lang='lat' dir='ltr'><strong>lrabeat</strong></span> <span class='ocrx_word' id='word_1_150' title='bbox 304 1867 405 1954; x_wconf 91' lang='lat' dir='ltr'><strong>domi,</strong></span> <span class='ocrx_word' id='word_1_151' title='bbox 428 1867 546 1934; x_wconf 85' lang='lat' dir='ltr'><strong>Verres</strong></span> <span class='ocrx_word' id='word_1_152' title='bbox 570 1868 768 1934; x_wconf 70' lang='lat' dir='ltr'><strong>ornamentis</strong></span> <span class='ocrx_word' id='word_1_153' title='bbox 791 1869 942 1936; x_wconf 84' lang='lat' dir='ltr'><strong>fanorum</strong></span> <span class='ocrx_word' id='word_1_154' title='bbox 966 1874 1064 1956; x_wconf 90' lang='lat' dir='ltr'><strong>atque</strong></span> 
     </span>
     <span class='ocr_line' id='line_1_21' title="bbox 18 1955 1064 2042; baseline 0.003 -20"><span class='ocrx_word' id='word_1_155' title='bbox 18 1956 251 2040; x_wconf 72' lang='lat' dir='ltr'><strong>sappinorum</strong></span> <span class='ocrx_word' id='word_1_156' title='bbox 286 1955 407 2023; x_wconf 86' lang='lat' dir='ltr'><strong>habeat</strong></span> <span class='ocrx_word' id='word_1_157' title='bbox 442 1956 573 2042; x_wconf 88' lang='lat' dir='ltr'><strong>plenam</strong></span> <span class='ocrx_word' id='word_1_158' title='bbox 607 1956 753 2042; x_wconf 87' lang='lat' dir='ltr'><strong>domum,</strong></span> <span class='ocrx_word' id='word_1_159' title='bbox 788 1957 885 2022; x_wconf 76' lang='lat' dir='ltr'><strong>villas</strong></span> <span class='ocrx_word' id='word_1_160' title='bbox 916 1957 1064 2025; x_wconf 80' lang='lat' dir='ltr'><strong>refertas.</strong></span> 
     </span>
     <span class='ocr_line' id='line_1_22' title="bbox 53 2043 1064 2133; baseline 0.002 -23"><span class='ocrx_word' id='word_1_161' title='bbox 53 2045 211 2110; x_wconf 79' lang='lat' dir='ltr'><strong>Etiamne</strong></span> <span class='ocrx_word' id='word_1_162' title='bbox 229 2044 325 2112; x_wconf 89' lang='lat' dir='ltr'><strong>huius</strong></span> <span class='ocrx_word' id='word_1_163' title='bbox 345 2044 486 2130; x_wconf 88' lang='lat' dir='ltr'><strong>operarii</strong></span> <span class='ocrx_word' id='word_1_164' title='bbox 503 2044 612 2110; x_wconf 84' lang='lat' dir='ltr'><strong>studia</strong></span> <span class='ocrx_word' id='word_1_165' title='bbox 630 2067 668 2111; x_wconf 93' lang='lat' dir='ltr'><strong>ac</strong></span> <span class='ocrx_word' id='word_1_166' title='bbox 686 2043 828 2132; x_wconf 86' lang='lat' dir='ltr'><strong>delicias,</strong></span> <span class='ocrx_word' id='word_1_167' title='bbox 844 2045 975 2131; x_wconf 88' lang='lat' dir='ltr'><strong>iudices,</strong></span> <span class='ocrx_word' id='word_1_168' title='bbox 992 2069 1064 2133; x_wconf 89' lang='lat' dir='ltr'><strong>per·</strong></span> 
     </span>
     <span class='ocr_line' id='line_1_23' title="bbox 53 2132 1065 2218; baseline 0.004 -20"><span class='ocrx_word' id='word_1_169' title='bbox 53 2132 194 2199; x_wconf 78' lang='lat' dir='ltr'><strong>feretis?</strong></span> <span class='ocrx_word' id='word_1_170' title='bbox 217 2133 273 2218; x_wconf 90' lang='lat' dir='ltr'><strong>qui</strong></span> <span class='ocrx_word' id='word_1_171' title='bbox 295 2133 344 2199; x_wconf 88' lang='lat' dir='ltr'><strong>ita</strong></span> <span class='ocrx_word' id='word_1_172' title='bbox 365 2137 476 2218; x_wconf 87' lang='lat' dir='ltr'><strong>natus,</strong></span> <span class='ocrx_word' id='word_1_173' title='bbox 498 2133 547 2198; x_wconf 90' lang='lat' dir='ltr'><strong>ita</strong></span> <span class='ocrx_word' id='word_1_174' title='bbox 569 2133 722 2200; x_wconf 80' lang='lat' dir='ltr'><strong>educatos</strong></span> <span class='ocrx_word' id='word_1_175' title='bbox 747 2139 810 2218; x_wconf 88' lang='lat' dir='ltr'><strong>est,</strong></span> <span class='ocrx_word' id='word_1_176' title='bbox 831 2135 880 2201; x_wconf 90' lang='lat' dir='ltr'><strong>ita</strong></span> <span class='ocrx_word' id='word_1_177' title='bbox 902 2135 1008 2203; x_wconf 85' lang='lat' dir='ltr'><strong>factus</strong></span> <span class='ocrx_word' id='word_1_178' title='bbox 1031 2139 1065 2202; x_wconf 93' lang='lat' dir='ltr'><strong>et</strong></span> 
     </span>
     <span class='ocr_line' id='line_1_24' title="bbox 55 2222 1065 2308; baseline 0.002 -20"><span class='ocrx_word' id='word_1_179' title='bbox 55 2222 168 2288; x_wconf 90' lang='lat' dir='ltr'><strong>animo</strong></span> <span class='ocrx_word' id='word_1_180' title='bbox 201 2225 235 2286; x_wconf 89' lang='lat' dir='ltr'><strong>et</strong></span> <span class='ocrx_word' id='word_1_181' title='bbox 265 2239 414 2308; x_wconf 85' lang='lat' dir='ltr'><strong>corpore,</strong></span> <span class='ocrx_word' id='word_1_182' title='bbox 445 2226 482 2286; x_wconf 90' lang='lat' dir='ltr'><strong>ut</strong></span> <span class='ocrx_word' id='word_1_183' title='bbox 513 2222 618 2289; x_wconf 87' lang='lat' dir='ltr'><strong>multo</strong></span> <span class='ocrx_word' id='word_1_184' title='bbox 651 2222 832 2308; x_wconf 76' lang='lat' dir='ltr'><strong>adpositior</strong></span> <span class='ocrx_word' id='word_1_185' title='bbox 863 2223 904 2289; x_wconf 79' lang='lat' dir='ltr'><strong>ad</strong></span> <span class='ocrx_word' id='word_1_186' title='bbox 933 2223 1065 2293; x_wconf 85' lang='lat' dir='ltr'><strong>ferenda</strong></span> 
     </span>
     <span class='ocr_line' id='line_1_25' title="bbox 55 2309 1117 2398; baseline 0 -23"><span class='ocrx_word' id='word_1_187' title='bbox 55 2331 157 2394; x_wconf 88' lang='lat' dir='ltr'><strong>quam</strong></span> <span class='ocrx_word' id='word_1_188' title='bbox 176 2309 218 2375; x_wconf 79' lang='lat' dir='ltr'><strong>ad</strong></span> <span class='ocrx_word' id='word_1_189' title='bbox 236 2309 410 2376; x_wconf 85' lang='lat' dir='ltr'><strong>auferenda</strong></span> <span class='ocrx_word' id='word_1_190' title='bbox 432 2309 527 2396; x_wconf 78' lang='lat' dir='ltr'><strong>signa</strong></span> <span class='ocrx_word' id='word_1_191' title='bbox 549 2331 620 2376; x_wconf 88' lang='lat' dir='ltr'><strong>esse</strong></span> <span class='ocrx_word' id='word_1_192' title='bbox 641 2311 799 2378; x_wconf 83' lang='lat' dir='ltr'><strong>videatur.</strong></span> <span class='ocrx_word' id='word_1_193' title='bbox 834 2311 944 2398; x_wconf 82' lang='lat' dir='ltr'><strong>Atque</strong></span> <span class='ocrx_word' id='word_1_194' title='bbox 967 2313 1047 2380; x_wconf 87' lang='lat' dir='ltr'><strong>haec</strong></span> <span class='ocrx_word' id='word_1_195' title='bbox 1067 2323 1117 2376; x_wconf 75' lang='lat' dir='ltr'><strong>let</strong></span> 
     </span>
     <span class='ocr_line' id='line_1_26' title="bbox 20 2397 1066 2486; baseline 0.004 -23"><span class='ocrx_word' id='word_1_196' title='bbox 20 2409 42 2454; x_wconf 67' lang='grc' dir='ltr'><strong>ἰ</strong></span> <span class='ocrx_word' id='word_1_197' title='bbox 54 2397 191 2484; x_wconf 88' lang='lat' dir='ltr'><strong>Sappho</strong></span> <span class='ocrx_word' id='word_1_198' title='bbox 228 2399 360 2464; x_wconf 86' lang='lat' dir='ltr'><strong>sublate</strong></span> <span class='ocrx_word' id='word_1_199' title='bbox 391 2402 548 2482; x_wconf 88' lang='lat' dir='ltr'><strong>quantum</strong></span> <span class='ocrx_word' id='word_1_200' title='bbox 580 2398 774 2464; x_wconf 85' lang='lat' dir='ltr'><strong>desiderium</strong></span> <span class='ocrx_word' id='word_1_201' title='bbox 805 2400 856 2466; x_wconf 89' lang='lat' dir='ltr'><strong>sui</strong></span> <span class='ocrx_word' id='word_1_202' title='bbox 886 2401 1066 2486; x_wconf 86' lang='lat' dir='ltr'><strong>reliquerit,</strong></span> 
     </span>
     <span class='ocr_line' id='line_1_27' title="bbox 55 2485 1065 2590; baseline 0.002 -38"><span class='ocrx_word' id='word_1_203' title='bbox 55 2487 121 2554; x_wconf 85' lang='lat' dir='ltr'><strong>dici</strong></span> <span class='ocrx_word' id='word_1_204' title='bbox 153 2487 208 2553; x_wconf 80' lang='lat' dir='ltr'><strong>vix</strong></span> <span class='ocrx_word' id='word_1_205' title='bbox 238 2489 358 2572; x_wconf 84' lang='lat' dir='ltr'><strong>potest.</strong></span> <span class='ocrx_word' id='word_1_206' title='bbox 407 2485 493 2552; x_wconf 89' lang='lat' dir='ltr'><strong>Nam</strong></span> <span class='ocrx_word' id='word_1_207' title='bbox 525 2508 597 2553; x_wconf 93' lang='lat' dir='ltr'><strong>cum</strong></span> <span class='ocrx_word' id='word_1_208' title='bbox 624 2487 698 2572; x_wconf 88' lang='lat' dir='ltr'><strong>ipsa</strong></span> <span class='ocrx_word' id='word_1_209' title='bbox 720 2486 785 2552; x_wconf 86' lang='lat' dir='ltr'><strong>fuit</strong></span> <span class='ocrx_word' id='word_1_210' title='bbox 811 2489 942 2590; x_wconf 72' lang='lat' dir='ltr'><strong>egregie</strong></span> <span class='ocrx_word' id='word_1_211' title='bbox 968 2487 1065 2573; x_wconf 84' lang='lat' dir='ltr'><strong>facta,</strong></span> 
     </span>
     <span class='ocr_line' id='line_1_28' title="bbox 54 2573 1065 2661; baseline 0 -19"><span class='ocrx_word' id='word_1_212' title='bbox 54 2580 129 2642; x_wconf 86' lang='lat' dir='ltr'><strong>tum</strong></span> <span class='ocrx_word' id='word_1_213' title='bbox 161 2576 364 2661; x_wconf 80' lang='lat' dir='ltr'><strong>epigramma</strong></span> <span class='ocrx_word' id='word_1_214' title='bbox 392 2573 552 2641; x_wconf 82' lang='lat' dir='ltr'><strong>Graecum</strong></span> <span class='ocrx_word' id='word_1_215' title='bbox 582 2575 751 2661; x_wconf 87' lang='lat' dir='ltr'><strong>pernobile</strong></span> <span class='ocrx_word' id='word_1_216' title='bbox 781 2576 920 2642; x_wconf 75' lang='lat' dir='ltr'><strong>incisum</strong></span> <span class='ocrx_word' id='word_1_217' title='bbox 951 2581 1003 2642; x_wconf 86' lang='lat' dir='ltr'><strong>est</strong></span> <span class='ocrx_word' id='word_1_218' title='bbox 1030 2577 1065 2642; x_wconf 88' lang='lat' dir='ltr'><strong>in</strong></span> 
     </span>
     <span class='ocr_line' id='line_1_29' title="bbox 55 2662 1065 2750; baseline 0.003 -21"><span class='ocrx_word' id='word_1_219' title='bbox 55 2665 139 2748; x_wconf 91' lang='lat' dir='ltr'><strong>basi,</strong></span> <span class='ocrx_word' id='word_1_220' title='bbox 163 2664 250 2750; x_wconf 90' lang='lat' dir='ltr'><strong>quod</strong></span> <span class='ocrx_word' id='word_1_221' title='bbox 269 2664 332 2729; x_wconf 89' lang='lat' dir='ltr'><strong>iste</strong></span> <span class='ocrx_word' id='word_1_222' title='bbox 356 2663 501 2730; x_wconf 88' lang='lat' dir='ltr'><strong>eruditus</strong></span> <span class='ocrx_word' id='word_1_223' title='bbox 522 2664 622 2731; x_wconf 90' lang='lat' dir='ltr'><strong>homo</strong></span> <span class='ocrx_word' id='word_1_224' title='bbox 645 2667 679 2730; x_wconf 89' lang='lat' dir='ltr'><strong>et</strong></span> <span class='ocrx_word' id='word_1_225' title='bbox 697 2662 885 2750; x_wconf 75' lang='lat' dir='ltr'><strong>Graeculus,</strong></span> <span class='ocrx_word' id='word_1_226' title='bbox 907 2664 963 2750; x_wconf 93' lang='lat' dir='ltr'><strong>qui</strong></span> <span class='ocrx_word' id='word_1_227' title='bbox 985 2664 1065 2732; x_wconf 89' lang='lat' dir='ltr'><strong>haec</strong></span> 
     </span>
     <span class='ocr_line' id='line_1_30' title="bbox 56 2751 1066 2840; baseline 0.002 -22"><span class='ocrx_word' id='word_1_228' title='bbox 56 2753 225 2818; x_wconf 76' lang='lat' dir='ltr'><strong>subtiliter</strong></span> <span class='ocrx_word' id='word_1_229' title='bbox 247 2752 384 2837; x_wconf 87' lang='lat' dir='ltr'><strong>iudicat,</strong></span> <span class='ocrx_word' id='word_1_230' title='bbox 411 2751 468 2836; x_wconf 92' lang='lat' dir='ltr'><strong>qui</strong></span> <span class='ocrx_word' id='word_1_231' title='bbox 490 2753 579 2818; x_wconf 86' lang='lat' dir='ltr'><strong>eolus</strong></span> <span class='ocrx_word' id='word_1_232' title='bbox 601 2752 780 2840; x_wconf 82' lang='lat' dir='ltr'><strong>intellegit,</strong></span> <span class='ocrx_word' id='word_1_233' title='bbox 807 2753 956 2820; x_wconf 83' lang='lat' dir='ltr'><strong>sinnam</strong></span> <span class='ocrx_word' id='word_1_234' title='bbox 978 2752 1066 2820; x_wconf 89' lang='lat' dir='ltr'><strong>litte·</strong></span> 
     </span>
     <span class='ocr_line' id='line_1_31' title="bbox 22 2839 1065 2925; baseline 0.002 -19"><span class='ocrx_word' id='word_1_235' title='bbox 22 2854 127 2907; x_wconf 71' lang='lat' dir='ltr'><strong>uram</strong></span> <span class='ocrx_word' id='word_1_236' title='bbox 162 2841 319 2907; x_wconf 81' lang='lat' dir='ltr'><strong>Graecam</strong></span> <span class='ocrx_word' id='word_1_237' title='bbox 352 2840 480 2925; x_wconf 87' lang='lat' dir='ltr'><strong>scisset,</strong></span> <span class='ocrx_word' id='word_1_238' title='bbox 512 2845 598 2908; x_wconf 89' lang='lat' dir='ltr'><strong>certe</strong></span> <span class='ocrx_word' id='word_1_239' title='bbox 629 2863 694 2909; x_wconf 86' lang='lat' dir='ltr'><strong>una</strong></span> <span class='ocrx_word' id='word_1_240' title='bbox 726 2841 921 2908; x_wconf 78' lang='lat' dir='ltr'><strong>sustulisset.</strong></span> <span class='ocrx_word' id='word_1_241' title='bbox 970 2839 1065 2908; x_wconf 89' lang='lat' dir='ltr'><strong>Nunc</strong></span> 
     </span>
     <span class='ocr_line' id='line_1_32' title="bbox 56 2929 1065 3016; baseline 0.001 -21"><span class='ocrx_word' id='word_1_242' title='bbox 56 2931 154 3014; x_wconf 89' lang='lat' dir='ltr'><strong>enim,</strong></span> <span class='ocrx_word' id='word_1_243' title='bbox 177 2929 264 3014; x_wconf 88' lang='lat' dir='ltr'><strong>quod</strong></span> <span class='ocrx_word' id='word_1_244' title='bbox 287 2930 444 3015; x_wconf 89' lang='lat' dir='ltr'><strong>scriptum</strong></span> <span class='ocrx_word' id='word_1_245' title='bbox 467 2933 519 2994; x_wconf 90' lang='lat' dir='ltr'><strong>est</strong></span> <span class='ocrx_word' id='word_1_246' title='bbox 539 2930 628 2996; x_wconf 88' lang='lat' dir='ltr'><strong>inani</strong></span> <span class='ocrx_word' id='word_1_247' title='bbox 650 2930 686 2996; x_wconf 91' lang='lat' dir='ltr'><strong>in</strong></span> <span class='ocrx_word' id='word_1_248' title='bbox 707 2931 789 3014; x_wconf 86' lang='lat' dir='ltr'><strong>basi,</strong></span> <span class='ocrx_word' id='word_1_249' title='bbox 812 2930 1065 3016; x_wconf 66' lang='lat' dir='ltr'><strong>declaratque]</strong></span> 
     </span>
     <span class='ocr_line' id='line_1_33' title="bbox 55 3017 605 3103; baseline 0.002 -20"><span class='ocrx_word' id='word_1_250' title='bbox 55 3018 170 3103; x_wconf 84' lang='lat' dir='ltr'><strong>fuerit,</strong></span> <span class='ocrx_word' id='word_1_251' title='bbox 193 3023 226 3084; x_wconf 88' lang='lat' dir='ltr'><strong>et</strong></span> <span class='ocrx_word' id='word_1_252' title='bbox 248 3018 283 3083; x_wconf 89' lang='lat' dir='ltr'><strong>id</strong></span> <span class='ocrx_word' id='word_1_253' title='bbox 306 3019 452 3083; x_wconf 89' lang='lat' dir='ltr'><strong>ablatum</strong></span> <span class='ocrx_word' id='word_1_254' title='bbox 475 3017 605 3084; x_wconf 88' lang='lat' dir='ltr'><strong>indicat.</strong></span> 
     </span>
     <span class='ocr_line' id='line_1_34' title="bbox 122 3104 1065 3194; baseline 0.003 -22"><span class='ocrx_word' id='word_1_255' title='bbox 122 3106 231 3183; x_wconf 81' lang='lat' dir='ltr'><strong>Quid?</strong></span> <span class='ocrx_word' id='word_1_256' title='bbox 254 3107 384 3194; x_wconf 74' lang='lat' dir='ltr'><strong>signum</strong></span> <span class='ocrx_word' id='word_1_257' title='bbox 401 3104 539 3172; x_wconf 87' lang='lat' dir='ltr'><strong>Paeanis</strong></span> <span class='ocrx_word' id='word_1_258' title='bbox 558 3127 598 3172; x_wconf 78' lang='lat' dir='ltr'><strong>ex</strong></span> <span class='ocrx_word' id='word_1_259' title='bbox 616 3106 693 3174; x_wconf 86' lang='lat' dir='ltr'><strong>aede</strong></span> <span class='ocrx_word' id='word_1_260' title='bbox 707 3106 882 3193; x_wconf 75' lang='lat' dir='ltr'><strong>Aesculapi</strong></span> <span class='ocrx_word' id='word_1_261' title='bbox 900 3109 1065 3192; x_wconf 86' lang='lat' dir='ltr'><strong>praeclare</strong></span> 
     </span>
     <span class='ocr_line' id='line_1_35' title="bbox 55 3195 1066 3282; baseline 0.001 -21"><span class='ocrx_word' id='word_1_262' title='bbox 55 3195 195 3282; x_wconf 82' lang='lat' dir='ltr'><strong>factum,</strong></span> <span class='ocrx_word' id='word_1_263' title='bbox 222 3215 349 3262; x_wconf 77' lang='lat' dir='ltr'><strong>saonam</strong></span> <span class='ocrx_word' id='word_1_264' title='bbox 378 3217 416 3261; x_wconf 89' lang='lat' dir='ltr'><strong>ac</strong></span> <span class='ocrx_word' id='word_1_265' title='bbox 443 3195 646 3282; x_wconf 82' lang='lat' dir='ltr'><strong>religiosum,</strong></span> <span class='ocrx_word' id='word_1_266' title='bbox 672 3217 738 3261; x_wconf 89' lang='lat' dir='ltr'><strong>non</strong></span> <span class='ocrx_word' id='word_1_267' title='bbox 761 3195 946 3262; x_wconf 81' lang='lat' dir='ltr'><strong>sustulisti?</strong></span> <span class='ocrx_word' id='word_1_268' title='bbox 979 3197 1066 3282; x_wconf 89' lang='lat' dir='ltr'><strong>quod</strong></span> 
     </span>
     <span class='ocr_line' id='line_1_36' title="bbox 24 3283 1065 3372; baseline 0.002 -22"><span class='ocrx_word' id='word_1_269' title='bbox 24 3293 170 3350; x_wconf 69' lang='lat' dir='ltr'><strong>³lomnes</strong></span> <span class='ocrx_word' id='word_1_270' title='bbox 189 3287 324 3370; x_wconf 89' lang='lat' dir='ltr'><strong>propter</strong></span> <span class='ocrx_word' id='word_1_271' title='bbox 346 3283 621 3368; x_wconf 88' lang='lat' dir='ltr'><strong>pulchritudinem</strong></span> <span class='ocrx_word' id='word_1_272' title='bbox 643 3284 756 3369; x_wconf 77' lang='lat' dir='ltr'><strong>uisere,</strong></span> <span class='ocrx_word' id='word_1_273' title='bbox 778 3287 913 3370; x_wconf 88' lang='lat' dir='ltr'><strong>propter</strong></span> <span class='ocrx_word' id='word_1_274' title='bbox 935 3284 1065 3372; x_wconf 81' lang='lat' dir='ltr'><strong>religio-</strong></span> 
     </span>
     <span class='ocr_line' id='line_1_37' title="bbox 55 3371 1105 3449; baseline -0.004 -11"><span class='ocrx_word' id='word_1_275' title='bbox 55 3395 131 3439; x_wconf 90' lang='lat' dir='ltr'><strong>nem</strong></span> <span class='ocrx_word' id='word_1_276' title='bbox 159 3373 265 3440; x_wconf 90' lang='lat' dir='ltr'><strong>colere</strong></span> <span class='ocrx_word' id='word_1_277' title='bbox 293 3372 453 3439; x_wconf 89' lang='lat' dir='ltr'><strong>solebant.</strong></span> <span class='ocrx_word' id='word_1_278' title='bbox 503 3371 609 3449; x_wconf 78' lang='lat' dir='ltr'><strong>Quid?</strong></span> <span class='ocrx_word' id='word_1_279' title='bbox 641 3394 680 3438; x_wconf 86' lang='lat' dir='ltr'><strong>ex</strong></span> <span class='ocrx_word' id='word_1_280' title='bbox 707 3372 785 3439; x_wconf 89' lang='lat' dir='ltr'><strong>aede</strong></span> <span class='ocrx_word' id='word_1_281' title='bbox 812 3372 922 3440; x_wconf 86' lang='lat' dir='ltr'><strong>Liberi</strong></span> <span class='ocrx_word' id='word_1_282' title='bbox 950 3374 1105 3442; x_wconf 68' lang='lat' dir='ltr'><strong>simu-12³</strong></span> 
     </span>
     <span class='ocr_line' id='line_1_38' title="bbox 56 3460 1064 3550; baseline 0.002 -25"><span class='ocrx_word' id='word_1_283' title='bbox 56 3461 182 3529; x_wconf 90' lang='lat' dir='ltr'><strong>lacrum</strong></span> <span class='ocrx_word' id='word_1_284' title='bbox 196 3461 341 3527; x_wconf 81' lang='lat' dir='ltr'><strong>Aristaei</strong></span> <span class='ocrx_word' id='word_1_285' title='bbox 359 3482 425 3528; x_wconf 90' lang='lat' dir='ltr'><strong>non</strong></span> <span class='ocrx_word' id='word_1_286' title='bbox 447 3464 505 3528; x_wconf 91' lang='lat' dir='ltr'><strong>tuo</strong></span> <span class='ocrx_word' id='word_1_287' title='bbox 529 3460 664 3549; x_wconf 90' lang='lat' dir='ltr'><strong>imperio</strong></span> <span class='ocrx_word' id='word_1_288' title='bbox 687 3462 797 3550; x_wconf 91' lang='lat' dir='ltr'><strong>palam</strong></span> <span class='ocrx_word' id='word_1_289' title='bbox 820 3461 968 3528; x_wconf 90' lang='lat' dir='ltr'><strong>ablatum</strong></span> <span class='ocrx_word' id='word_1_290' title='bbox 992 3462 1064 3528; x_wconf 75' lang='lat' dir='ltr'><strong>est?</strong></span> 
     </span>
     <span class='ocr_line' id='line_1_39' title="bbox 108 3569 851 3622; baseline 0.003 -3"><span class='ocrx_word' id='word_1_291' title='bbox 108 3575 163 3619; x_wconf 86' lang='lat' dir='ltr'><strong>oro.</strong></span> <span class='ocrx_word' id='word_1_292' title='bbox 176 3575 208 3618; x_wconf 87' lang='lat'><strong>11.</strong></span> <span class='ocrx_word' id='word_1_293' title='bbox 223 3577 243 3616; x_wconf 92' lang='lat'><strong>1.</strong></span> <span class='ocrx_word' id='word_1_294' title='bbox 816 3569 851 3622; x_wconf 73' lang='lat'><strong>2⁷</strong></span> 
     </span>
    </p>
   </div>
   <div class='ocr_carea' id='block_1_3' title="bbox 0 0 1208 3928">
    <p class='ocr_par' dir='ltr' id='par_1_3' title="bbox 0 0 1208 3928">
     <span class='ocr_line' id='line_1_40' title="bbox 0 0 1208 3928; baseline 0 0"><span class='ocrx_word' id='word_1_295' title='bbox 0 0 1208 3928; x_wconf 95' lang='lat' dir='ltr'><strong> </strong></span> 
     </span>
    </p>
   </div>
  </div>
 </body>
</html>
