2386 3938
179 162 245 226 160
479 157 915 250 mmmmm

126 319 162 370 54
178 305 317 372 crh'llcio
339 325 511 391 nucum
531 303 691 370 videm.
725 303 850 390 Pergae
869 302 982 368 innam
1001 301 1168 385 antiquissi-

177 415 269 460 mum
291 400 326 460 et
346 395 590 460 mcfimimum
611 392 738 458 Iliam
760 393 879 458 scimus
902 409 986 473 ssse3
1007 389 1041 454 id
1059 409 1168 474 quoquc

176 505 200 549 a
220 485 254 548 te
276 483 435 548 nudatum
457 504 496 548 aa
514 479 693 566 cucullatum
712 499 796 564 esse,
816 501 857 544 ex
873 479 947 564 ipss
962 478 1079 562 Dium,
1099 476 1169 561 qnod

177 572 324 637 habebnt
344 572 430 651 suri,
452 570 635 634 detractun
656 573 756 652 utque
777 568 926 633 ablatum
945 585 1018 632 esse
1041 565 1118 631 diuo.

244 659 343 744 Quae,
359 659 493 738 malum,
510 662 563 722 est
574 658 641 723 ista
652 662 747 722 unta
761 656 898 721 andusia
914 659 1013 740 atque
1032 653 1170 720 amentia!

179 747 268 824 Quns
299 747 386 811 enim
417 746 581 812 wdornm
611 749 710 830 atque
742 743 922 810 amicorum
957 743 1055 809 urbes
1090 741 1171 807 sclisti

180 835 355 921 legationis
375 835 448 899 iure
469 838 505 899 et
524 835 665 917 nomine,
686 853 760 898 cum
777 833 812 898 in
830 851 885 898 eas
903 832 937 897 vi
955 853 1029 898 eum
1047 829 1171 897 exoratu

178 923 380 1008 imperioque
404 923 595 1006 invenisses,
616 927 742 1004 tamen,
763 920 893 1006 opinor,
911 941 999 1005 unns
1022 921 1115 1007 signa
1133 921 1171 982 at

179 1031 243 1096 qne
269 1013 463 1076 enemente
483 1031 524 1076 ex
550 1011 592 1075 iis
616 1010 754 1076 urbibus
780 1009 981 1090 sustulimus,
1012 1007 1094 1074 haec
1119 1025 1171 1072 non

126 1099 216 1206 21in
240 1103 333 1165 tusm
359 1100 492 1165 domum
518 1119 622 1183 neque
648 1098 685 1162 in
704 1097 893 1164 suburbana
915 1098 1106 1179 amicorum,
1129 1091 1180 1158 sel¹

126 1219 162 1270 55
179 1187 320 1254 Romam
350 1189 386 1253 in
416 1187 583 1273 publicum
614 1186 828 1271 depost-asses.
872 1183 962 1261 Quid
989 1203 1053 1272 ego
1083 1179 1169 1249 dell

179 1276 336 1342 Marcello
358 1277 489 1361 loquat,
513 1276 570 1361 qui
590 1274 779 1358 Syracusas,
800 1273 914 1339 urbem
937 1273 1171 1360 ornatissimum

177 1365 288 1450 cepit?
310 1365 389 1450 quid
411 1365 450 1430 de
472 1363 509 1430 Ia.
526 1361 684 1449 Scipione,
706 1363 763 1447 qui
784 1362 908 1428 bellum
929 1363 965 1426 in
982 1361 1068 1428 Asia
1089 1359 1171 1448 gessit

178 1453 455 1536 Antiochumque,
480 1471 593 1538 regem
614 1451 890 1536 potentissimum,
916 1449 1020 1516 vicit?
1053 1447 1170 1535 quidde

178 1537 376 1623 Flaminino,
416 1539 473 1623 qui
511 1559 623 1626 regem
663 1539 852 1628 Philippum
892 1542 927 1604 et
966 1537 1170 1605 Macedonian

179 1627 332 1713 subegit?
359 1627 438 1711 quid
464 1627 503 1691 de
530 1626 566 1692 L
588 1627 706 1711 Panlo,
731 1627 789 1712 qui
814 1647 926 1713 regem
948 1625 1073 1693 Persen
1097 1627 1170 1690 viae

177 1716 301 1782 virtute
333 1715 521 1800 superavit?
553 1716 630 1800 qnid
657 1716 697 1780 de
724 1715 761 1780 L.
787 1714 960 1799 Mummio,
988 1716 1048 1799 qui
1079 1714 1171 1780 urben

178 1804 431 1890 pulcherrimam
445 1808 544 1889 atque
556 1803 809 1886 ornatissimam,
822 1801 1029 1888 Cosintlumn,
1046 1798 1180 1890 plenium

178 1915 268 1959 mem
312 1913 422 1959 rerum
467 1893 627 1977 omnium,
671 1891 805 1958 sustulit
843 1892 1005 1977 urbesque
1048 1889 1180 1957 Achaiacl

178 1979 397 2068 Boeotiaeque
437 1981 559 2046 multas
595 1980 656 2046 sub
691 1979 864 2065 imperium
899 1980 1015 2068 populi
1049 1973 1179 2046 Bonum

178 2069 401 2153 dicionemque
428 2067 617 2134 subiunxit?
649 2089 786 2152 quorum
811 2067 928 2134 domus
960 2089 1036 2134 cum
1068 2069 1179 2148 honore*

179 2176 217 2220 eo
250 2156 373 2222 uirtute
407 2155 574 2240 florerent,
610 2156 714 2242 signis
747 2160 780 2220 et
811 2156 933 2222 tabulis
965 2157 1065 2242 pictis
1096 2153 1179 2220 erant*

177 2261 311 2326 vacuum
325 2248 361 2308 at
377 2263 455 2309 vero
468 2245 583 2310 urbem
596 2248 703 2310 totam
715 2244 902 2330 templaque
916 2243 1052 2311 deorum
1067 2259 1170 2310 omnes·

179 2351 241 2415 que
263 2329 380 2397 Italiae
401 2336 513 2418 postes
534 2334 667 2399 illorum
691 2331 783 2397 donis
807 2353 845 2397 sc
862 2334 1083 2400 monumentis
1101 2349 1178 2421 exor-¹

98 2441 101 2448 ¹
126 2428 161 2481 tc
178 2422 273 2484 netas
296 2419 451 2486 videmus.
495 2420 632 2505 Vereor,
654 2441 695 2486 ne
717 2421 798 2485 haec
817 2419 905 2486 forts
927 2422 1071 2507 cuipiam
1091 2417 1170 2486 nimis

179 2507 314 2592 antiqua
348 2512 383 2573 et
415 2509 481 2575 iam
518 2509 668 2574 obsoleta
698 2508 883 2591 videantur3
917 2509 966 2576 ita
998 2510 1086 2575 enim
1115 2512 1170 2571 tum

179 2596 394 2681 aequabiliter
426 2618 537 2662 omnes
570 2601 663 2662 erant
695 2597 763 2662 eius
795 2596 896 2680 modi,
931 2601 969 2662 ut
1001 2597 1082 2664 haee
1115 2596 1177 2660 laun

178 2685 315 2750 eximiae
341 2683 473 2750 virtutis
500 2688 534 2749 et
560 2683 763 2750 innocentiae
791 2705 858 2751 non
880 2686 988 2751 solum
1010 2686 1170 2760 hominum,

178 2793 291 2838 verum
314 2772 413 2837 etiam
428 2776 614 2857 temporum
631 2773 765 2838 illorum
783 2793 854 2839 esse
871 2773 1029 2842 videatur.
1064 2773 1098 2839 P.
1115 2769 1176 2854 Ser·¹

178 2860 290 2944 vilius,
322 2860 374 2925 uir
401 2859 614 2943 clarissimus,
646 2861 796 2926 maximis
823 2862 920 2928 rebus
947 2863 1064 2949 gestis,
1095 2859 1176 2926 adest*

178 2947 218 3012 de
236 2951 270 3014 ts
288 2947 483 3014 sententiam
501 2947 642 3033 laturum
660 2948 835 3034 Olympum
853 2949 895 3034 vi,
913 2951 1026 3036 copiis,
1043 2945 1169 3022 oonsilio,

177 3033 299 3101 virtute
339 3036 439 3121 oepit,
479 3035 592 3102 urbem
631 3037 799 3121 antiquam
835 3042 868 3102 et
904 3039 1056 3104 omnibus
1090 3035 1175 3114 rebus³

179 3125 308 3188 auctam
331 3127 365 3188 et
385 3127 545 3190 ornatam.
581 3123 705 3192 Recens
726 3127 910 3211 exemplum
934 3125 1105 3194 fortissimi
1121 3115 1175 3186 viri

177 3207 321 3356 grossum
339 3230 416 3278 uam
429 3215 546 3297 postea
558 3208 714 3280 Servilius
728 3214 907 3299 imperator
919 3215 1035 3300 populi
1048 3207 1169 3280 Romani

208 3295 354 3380 lympum
381 3300 495 3366 urbem
522 3301 667 3366 hostium
693 3301 792 3386 cepit,
823 3323 922 3387 quam
948 3307 986 3368 tu
1018 3304 1054 3368 in
1082 3299 1174 3368 isdem

178 3377 350 3447 illisionis
373 3384 502 3469 legatus
526 3389 729 3471 quaestorius
752 3389 872 3475 oppida
890 3395 1008 3476 pacata
1026 3391 1169 3457 sociorum

128 3473 160 3524 tt
180 3466 277 3547 atque
310 3467 487 3536 amicorum
520 3474 699 3558 diripienda
726 3497 764 3543 ac
789 3478 936 3544 vexanda
962 3479 1089 3545 curasti
1130 3471 1170 3537 Tu
