2422 3952
381 194 457 248 CAP.
478 200 547 249 3-6
566 199 581 260 5
601 200 697 249 8-16.
1001 143 1054 260 37ι

43 360 106 423 que,
130 338 256 422 iudices,
278 342 316 405 ut
335 360 432 423 quam
451 338 606 404 acerrime
624 338 784 404 maleficia
801 339 981 426 vindicetis,
1006 347 1044 407 ut

43 449 132 510 quam
153 427 330 494 fortissime
353 427 539 493 hominibus
561 426 788 492 audacissimis
811 427 984 514 resistatis,
1005 433 1043 496 ut

42 515 95 580 hoc
121 515 285 602 cogitetis,
312 515 376 582 nisi
403 515 438 580 in
465 515 527 580 hac
555 537 666 599 causa,
697 515 753 599 qui
779 519 888 581 vester
916 518 1043 583 animus

42 603 91 688 sit,
116 604 309 686 ostendetis,
335 625 373 669 eo
400 624 611 689 prorumpere
637 603 807 669 hominum
831 604 1042 688 cupiditatem

21 697 69 756 set
85 691 188 758 scelus
207 695 242 757 et
259 691 436 775 audaciam,
453 695 491 756 ut
508 713 574 758 uon
593 691 689 757 modo
704 692 798 776 clam,
816 693 1043 760 verumetiam

41 779 85 844 hic
105 781 139 846 in
160 779 235 846 foro
259 783 335 846 aute
357 779 502 846 tribunal
524 784 628 864 tuum,
649 778 693 844 M.
710 779 823 864 Fanni,
846 785 922 848 ante
945 782 1043 867 pedes

42 871 170 952 vestros,
202 867 337 952 iudices,
368 869 453 934 inter
484 867 557 954 ipsa
586 867 742 934 subsellia
773 870 886 934 caedes
913 869 1043 936 futurae

42 957 105 1020 sint.
147 955 282 1022 Etenim
310 956 387 1040 quid
414 956 502 1022 aliud
530 956 592 1024 hoc
614 947 732 1022 iudidio
755 961 950 1043 temptatur,
979 959 1042 1024 nisi
1063 979 1096 1028 13

41 1049 71 1108 ut
90 1045 122 1108 id
143 1045 216 1110 fieri
238 1045 358 1110 licoat?
396 1044 562 1111 Accusant
584 1044 617 1128 ii,
641 1045 695 1129 qui
718 1045 753 1108 in
774 1044 924 1112 fortunas
947 1046 1043 1113 huius

14 1133 232 1217 uiruasenmt,
260 1155 390 1200 causam
418 1133 562 1217 dicitis,
592 1133 644 1199 cui
670 1137 800 1218 praeter
823 1135 1043 1200 calamitatem

42 1221 112 1286 nihil
138 1222 357 1306 reliquerunt;
389 1226 541 1287 accusant
567 1221 606 1306 ii,
638 1220 757 1305 quibus
785 1221 887 1287 occidi
915 1227 1044 1308 patrem

43 1307 102 1374 Ser.
123 1309 223 1376 Rosci
246 1310 332 1376 bono
355 1309 433 1393 fuit,
460 1331 590 1374 causam
614 1308 692 1376 dicit
714 1309 756 1392 is,
783 1309 834 1376 cui
857 1331 923 1376 non
946 1312 1042 1378 modo

42 1398 152 1464 luctum
176 1419 266 1464 mors
294 1398 399 1483 patris
429 1398 558 1482 attulit,
583 1405 695 1464 verum
723 1397 822 1463 etiam
850 1401 1044 1485 egestatem3

43 1490 185 1552 accusant
204 1487 238 1569 ii,
257 1487 313 1572 qui
331 1485 416 1552 huuc
434 1486 541 1571 ipsum
559 1484 707 1572 iugulare
727 1507 851 1552 summe
865 1488 1044 1574 cupierunt,

15 1596 161 1640 recusam
180 1575 261 1641 dicit
278 1575 317 1658 is,
339 1574 395 1660 qui
413 1575 512 1640 etiam
530 1575 571 1639 ad
589 1574 651 1641 hoc
669 1575 776 1658 ipsum
794 1575 947 1642 iudicium
970 1597 1044 1644 cum

44 1662 1044 1837 1111111111111111111111111

45 1860 161 1906 musam
187 1839 331 1923 dicitis,
362 1838 417 1924 qui
441 1859 523 1906 unus
546 1839 679 1905 relictus
704 1859 742 1902 ex
765 1839 897 1905 illorum
919 1839 1044 1905 nefaria

45 1928 127 1993 caede
154 1931 270 1994 restat.
319 1926 428 2010 Atque
454 1932 491 1993 ut
517 1926 645 1994 facilius
675 1927 866 2013 intellegere
897 1928 1042 2012 possitis,
1063 1950 1096 1998 14

17 2014 161 2102 uindices,
179 2038 228 2101 aa,
248 2037 329 2101 quae
342 2015 432 2081 facta
445 2019 529 2100 sunt,
547 2016 732 2102 indigniora
750 2036 829 2099 csse,
848 2037 945 2099 quam
964 2016 1044 2082 haec

46 2109 122 2188 sunt,
152 2127 238 2189 quae
271 2104 419 2188 dicimus,
452 2105 494 2169 ab
518 2104 612 2170 initio
639 2125 691 2170 res
721 2125 815 2189 quem
843 2103 884 2169 ad
912 2105 1043 2172 modum

46 2197 125 2276 gesta
157 2194 216 2276 sit,
253 2193 345 2258 vobis
377 2213 587 2278 exponemus,
624 2214 686 2276 quo
718 2191 846 2258 facilius
878 2197 911 2257 et
947 2194 1043 2260 huius

45 2279 173 2346 hominis
204 2281 461 2346 innocentissimi
488 2281 636 2346 miserias
665 2284 698 2345 et
719 2281 852 2347 illorum
875 2281 1043 2347 audaciam

20 2369 385 2524 „llllflidill‘l
401 2369 1082 2524 iliillllllemllllllllaau⁶

48 2544 109 2630 fuit,
134 2569 208 2612 cnm
237 2508 354 2632 generi
379 2480 415 2610 dt
440 2545 613 2611 nobilitata
635 2507 674 2610 ’et
696 2481 832 2631 pecunill
856 2568 923 2611 nou
947 2495 1096 2612 modo15

50 2634 88 2698 sui
120 2634 302 2718 municipii,
342 2654 454 2700 verum
492 2633 592 2700 etiam
628 2633 696 2698 eius
732 2634 909 2704 vicinitatis
948 2633 1044 2700 facile

48 2721 1045 2878 {turtlffltttltmhtttttfltttlltffist

23 2897 184 2978 sopionibus
214 2901 287 2963 erat
313 2887 343 2962 ei
369 2920 436 2963 non
462 2899 558 2964 modo
585 2861 777 2983 hospitium,
804 2919 917 2964 verum
937 2858 1045 2961 'etiam

51 2984 231 3053 domesticus
254 3007 332 3051 usus
355 2990 389 3052 et
411 2986 623 3071 consuetudo,
647 3009 740 3072 quas,
765 2990 802 3052 ut
826 3006 963 3068 aequum
987 2987 1045 3067 est,

51 3071 174 3142 familias
211 3073 395 3140 honestatis
435 3073 722 3160 amplitudinisque
759 3074 867 3160 gratia
904 3073 1046 3139 nomino.

52 3157 146 3247 Itaque
180 3185 218 3228 ex
256 3163 405 3228 omnibus
439 3163 505 3228 suis
538 3163 714 3229 commodis
746 3158 808 3227 hoc
839 3162 944 3228 solum
976 3162 1045 3227 filio

53 3249 180 3335 reliquit3
215 3274 293 3317 nam
329 3251 562 3335 patrimonium
601 3250 771 3316 domestici
802 3251 980 3335 praedones
1013 3249 1047 3314 vi

30 3343 182 3424 cereptum
204 3340 383 3425 possident,
405 3338 494 3404 fama
512 3344 545 3405 et
562 3340 632 3405 vita
650 3338 830 3404 innocentis
850 3338 891 3404 ab
910 3337 1046 3423 hospiti-

55 3422 101 3490 bus
130 3428 303 3514 amicisque
340 3429 484 3512 paternis
519 3427 708 3494 defenditur.
757 3425 820 3492 Hic
853 3447 925 3492 cum
958 3425 1046 3489 omni
1067 3443 1098 3490 16
1196 3507 1197 3510 Ἴ

57 3513 181 3600 tempore
206 3515 392 3583 nobilitatis
419 3515 530 3581 fautor
557 3515 686 3598 fuisset,
716 3518 787 3578 tum
813 3514 875 3581 hoc
902 3510 1046 3575 tumultu
