2386 3938
155 179 220 242 144
453 175 492 231 ru
511 175 540 254 c.
554 173 710 230 vsaasu
727 175 806 230 nor.
824 175 857 229 Π.

154 323 249 388 unius
276 321 433 405 supplicio
462 323 632 385 contentus
659 317 758 384 fuerit
783 341 820 384 ao
841 339 908 383 non
931 319 979 384 sic
1002 319 1161 402 statuerit,

154 431 221 476 non
239 410 341 474 istum
364 409 468 473 mains
490 408 525 472 in
547 427 617 470 sese
641 406 746 470 scelus
769 404 968 490 concepisse,
991 427 1068 472 curn
1088 407 1161 472 iana

156 497 319 583 spoliarit,
349 518 422 562 curn
452 499 504 561 tot
529 493 677 560 homines
704 494 891 559 innocentes
919 495 1062 578 necarit,
1095 517 1163 560 cum

156 587 242 652 cives
265 585 429 650 Romanos
457 586 576 666 morte,
602 581 760 666 cruciatu,
787 603 880 650 cruce
905 583 1067 667 affecerit,
1095 606 1162 648 oum

156 674 354 759 praedonum
372 671 469 736 duces
488 673 620 754 accepta
637 670 774 753 pecunia
792 671 961 754 dimiserit,
980 693 1084 755 quam
1103 689 1184 754 eoas

157 763 186 826 si
200 762 255 845 qui
270 761 370 824 istum
388 762 448 841 tot,
466 758 578 841 tantis,
596 761 666 822 tam
683 756 815 822 nefariis
836 757 1014 824 sceleribus
1034 781 1163 844 cooper-

105 864 138 912 ιο
156 853 226 913 tum
257 848 357 912 iurati
388 846 549 912 sententia
577 866 635 909 sua
662 844 854 910 liberarint?
899 841 975 912 Non
1004 851 1071 932 est,
1102 869 1164 912 non

157 941 207 1002 est
234 936 268 1002 in
294 935 356 1000 hoo
383 934 514 1000 homino
541 933 692 1016 cuiquam
719 933 872 1018 peccandi
897 935 1004 1019 locus,
1032 935 1164 1018 iudiccs;

155 1045 222 1090 non
250 1024 279 1089 is
309 1027 359 1088 est
387 1044 475 1108 reus,
504 1043 570 1086 non
598 1020 632 1085 id
661 1025 804 1107 tempus,
833 1042 900 1086 non
927 1023 962 1087 id
992 1025 1164 1089 consilium

157 1110 295 1198 (metuo,
321 1131 362 1176 nc
390 1110 467 1195 quid
494 1109 700 1194 arrogantius
727 1109 811 1194 apud
833 1110 917 1174 tales
940 1111 1032 1177 viros
1057 1113 1184 1178 videant

157 1199 287 1286 dicere),
309 1222 350 1264 ne
374 1204 464 1265 actor
487 1197 615 1282 quidem
638 1201 689 1262 est
710 1197 749 1280 is,
771 1197 823 1263 cui
844 1219 918 1263 reus
941 1202 1013 1264 tam
1037 1221 1163 1282 nocens,

157 1292 225 1353 tam
252 1289 411 1373 perditus,
438 1290 507 1351 tam
534 1285 699 1351 convictus
727 1290 784 1350 aut
811 1287 933 1352 occulte
956 1288 1089 1372 subripi
1113 1293 1163 1352 aut

156 1377 275 1461 inpune
304 1375 385 1460 eripi
411 1375 525 1459 possit.
569 1372 630 1438 Hie
658 1394 720 1459 ego
744 1373 904 1438 iudicibus
926 1396 994 1440 non
1017 1377 1163 1460 probabo

157 1461 190 1528 O.
205 1462 341 1527 Verrem
359 1464 473 1527 contra
491 1463 580 1547 leges
599 1462 768 1546 pecuniam
786 1460 932 1545 cepisse?
955 1464 1163 1530 sustinebunt

155 1550 239 1614 tales
267 1550 329 1614 viri
357 1569 390 1613 se
413 1553 465 1614 tot
488 1549 705 1633 senatoribus,
733 1553 784 1614 tot
806 1547 970 1632 equitibus
994 1551 1188 1634 Romanius

155 1641 207 1702 tot
236 1636 437 1721 civitatibus,
467 1640 519 1702 tot
545 1637 730 1703 hominibus
757 1636 998 1704 honestissimis
1027 1662 1069 1705 ex
1097 1646 1163 1705 tam

156 1725 278 1790 illustri
291 1725 467 1811 provincia,
485 1729 536 1790 tot
549 1726 744 1810 populorum
757 1725 1024 1811 priuatorumque
1042 1727 1163 1793 litteris

156 1837 222 1881 non
245 1814 429 1898 credidisse,
451 1815 564 1878 tantae
586 1813 700 1898 populi
721 1812 861 1878 Romani
883 1814 1049 1880 voluntati
1072 1817 1164 1881 resti·

106 1903 257 1968 11tisse‘?
307 1901 508 1984 Sustineaut3
542 1901 750 1985 reperiemus,
785 1901 813 1966 si
843 1901 944 1966 istum
978 1903 1094 1969 vivum
1126 1904 1164 1970 ad

157 1991 245 2056 aliud
262 1991 415 2055 iudicium
435 1987 608 2074 perducere
630 1989 822 2073 poterimus,
846 1990 962 2073 quibus
985 1991 1185 2076 probemuar

36 2119 42 2132 ,
156 2079 256 2142 istum
287 2078 323 2142 in
350 2079 524 2160 quaestura
550 2077 720 2158 pecuniam
747 2077 910 2162 publicam
938 2076 996 2144 On.
1019 2077 1163 2145 Oarboni

156 2164 281 2229 consuli
310 2163 419 2228 datam
448 2163 616 2244 avertisse,
645 2164 772 2246 quibus‘
787 2165 1039 2250 persuadeamus
1062 2169 1163 2234 istum

157 2251 262 2315 alieno
294 2249 423 2314 nomine
451 2271 471 2315 a
498 2250 725 2333 quaestoribus
757 2253 903 2339 urbanis,
935 2255 1021 2337 quod
1053 2257 1163 2341 priore

157 2337 283 2404 actione
306 2337 476 2421 didicistis,
501 2337 670 2423 pecuniam
694 2340 880 2423 abstulisse;
903 2346 999 2406 erunt
1022 2344 1081 2428 qui
1106 2347 1163 2425 [et]

155 2427 190 2491 in
217 2447 255 2490 eo
283 2447 410 2510 quoque
435 2425 603 2492 audaciam
626 2427 694 2492 eius
717 2429 967 2514 reprehendant,
995 2431 1085 2515 quod
1108 2434 1189 2498 ali-t

156 2518 236 2599 quot
253 2513 438 2579 nominibus
457 2515 497 2579 de
515 2516 631 2600 capite,
654 2520 810 2599 quantum
829 2519 1034 2584 commodum
1052 2519 1164 2603 fuerit,

155 2603 310 2668 frumenti
342 2602 509 2668 decumani
537 2603 726 2687 detraxerit3
757 2610 853 2670 erunt
884 2607 984 2672 etiam
1011 2607 1163 2690 fortasse,

156 2691 290 2775 iudices,
315 2690 371 2774 qui
392 2691 485 2756 illum
509 2692 577 2756 eius
600 2692 785 2776 peculatum
807 2695 860 2759 rel
883 2696 1038 2761 acerrime
1060 2697 1164 2762 vindi·

157 2781 293 2845 candum
303 2782 428 2864 putent,
441 2780 527 2863 quod
536 2779 598 2843 iste
608 2779 650 2844 M.
657 2779 802 2846 Marcelli
812 2785 845 2846 ct
853 2781 1041 2848 RAfricani
1050 2806 1163 2852 monu-

157 2872 280 2953 menta,
308 2889 389 2951 quae
411 2868 542 2932 nomine
564 2867 710 2951 illorum,
732 2889 862 2935 revera
883 2872 998 2956 populi
1019 2871 1190 2939 Romania

157 2959 190 3020 et
209 2960 301 3021 erant
324 2959 357 3020 et
379 2955 596 3040 habebantur,
619 2977 657 3020 ex
678 2956 764 3022 lauis
786 2958 1042 3044 religiosissimis
1064 2965 1101 3026 et
1124 2983 1161 3026 ex

156 3043 291 3108 urbibus
302 3044 463 3109 sociorum
473 3048 569 3127 atque
582 3044 758 3111 amicorum
771 3065 838 3110 non
852 3046 1012 3112 dubitarit
1025 3048 1160 3114 auferre.

104 3107 138 3231 1}
156 3125 334 3194 Emerserit
366 3152 405 3195 ex
435 3132 603 3216 peculatus
631 3133 729 3197 etiam
756 3133 888 3219 iudici03
919 3135 1095 3202 meditetur
1123 3139 1161 3201 de

157 3216 289 3283 ducibus
303 3216 456 3302 hostium,
475 3241 555 3304 quos
570 3225 702 3305 accepta
715 3222 851 3305 pecunia
863 3222 1025 3304 liberarit,
1042 3225 1160 3308 videat,

157 3304 233 3384 quid
260 3303 299 3368 de
325 3303 391 3368 illis
418 3306 625 3392 respondeat,
652 3329 733 3392 quos
760 3309 795 3374 in
822 3327 932 3376 eorum
955 3313 1063 3378 locum
1085 3314 1191 3378 suu·

157 3387 241 3451 ditos
261 3390 348 3454 domi
370 3411 447 3456 suae
470 3395 656 3479 reservavit,
680 3402 814 3481 quaerat
837 3419 902 3463 non
925 3401 1040 3484 solum,
1063 3422 1158 3484 quem

157 3472 198 3536 ad
224 3475 355 3540 modum
383 3484 494 3543 nostro
522 3482 661 3566 crimini,
691 3505 802 3549 verum
829 3487 940 3567 etiam,
971 3509 1034 3570 quo
1060 3493 1157 3573 pacto
