2404 3928
301 107 368 162 nm.
387 107 426 162 lv
459 108 535 164 cnr.
554 115 660 164 as·as
678 115 694 175 s
712 115 824 164 ss-ss.
858 151 863 156 .
998 109 1061 174 387

47 253 141 316 esset
168 250 206 316 in
232 249 395 337 Hispania
420 256 565 338 praetor,
595 251 719 337 quain
744 252 911 337 provincia
938 252 1062 320 occisus

47 343 116 424 est,
144 337 256 404 nescio
284 362 349 425 quo
375 347 485 426 pacto,
513 341 589 406 dum
616 341 716 406 armis
742 343 919 424 exercetur,
946 343 1062 408 anulus

48 449 187 511 aureus,
220 449 315 511 quem
347 429 504 512 babebat,
534 429 658 498 fractus
691 432 723 494 et
755 429 971 496 comminutus
1003 435 1063 496 est.

49 514 134 582 Cum
151 515 255 580 vellet
269 517 332 582 sibi
346 519 478 584 anulum
492 516 607 602 faeere,
620 517 784 584 aurificem
797 517 894 582 iussit
908 519 1015 584 vocari
1027 519 1064 584 in

24 605 162 670 tforum
175 604 220 668 ad
230 605 345 672 sellam
353 604 522 672 Cordubae
533 610 566 671 et
579 605 635 687 [ei]
647 606 757 691 palam
770 605 925 691 appendit
936 629 1064 692 aurum3

48 693 224 758 hominem
237 693 272 756 in
285 694 356 760 foro
374 695 465 760 iubet
484 694 599 760 sellam
617 716 736 779 ponere
755 698 788 758 et
805 693 911 761 facere
930 697 1063 762 anulum

50 782 210 846 omnibus
232 783 467 867 praesentibus.
506 781 653 848 Nimium
676 783 815 848 fortasse
838 783 922 849 dicet
945 784 1062 869 aliquis

38 870 141 942 ,hune
172 869 376 956 diligentem
403 872 559 938 hactenus
584 870 808 955 reprehendet,
836 873 865 936 si
888 873 943 956 qui
965 873 1064 957 volet,

50 958 136 1024 nihil
153 957 304 1042 amplius.
336 959 457 1026 Verum
475 959 538 1026 luit
556 959 586 1024 ei
604 959 854 1044 concedendum
871 959 957 1026 filius
977 961 1063 1026 enim
1187 1013 1188 1018 1

17 1061 40 1100 1⁰
51 1046 85 1111 L.
99 1046 236 1112 Pisonis
256 1051 335 1130 erat,
353 1047 421 1112 eius
440 1048 496 1133 qui
513 1047 638 1132 primus
657 1045 696 1113 da
713 1047 858 1132 pecuniis
876 1049 1063 1133 repetundis

51 1136 163 1220 legem
187 1133 273 1199 tulit.
312 1135 496 1202 Ridiculum
518 1141 569 1202 est
591 1159 642 1202 me
664 1157 749 1202 nunc
772 1136 811 1200 de
824 1133 926 1202 Verre
948 1135 1062 1221 dicere,
1081 1149 1115 1198 57

52 1246 125 1288 cum
147 1223 188 1288 de
206 1222 324 1288 Pisone
341 1223 443 1311 Frugi
463 1224 610 1308 dixerim3
633 1245 746 1290 verum
763 1227 882 1308 tamen
905 1227 1062 1309 quantum

52 1311 201 1394 intersit,
232 1311 347 1377 videte.
385 1313 459 1384 ¹Iste
486 1335 559 1378 cum
587 1313 713 1397 aliquot
740 1314 914 1380 abacorum
941 1313 1063 1378 faceret

53 1422 134 1466 rasa
158 1421 272 1481 aurea,
294 1421 359 1467 non
381 1400 556 1484 laboravit,
580 1401 656 1484 quid
679 1421 745 1466 non
767 1401 863 1468 modo
885 1401 920 1466 in
943 1398 1063 1488 Sicilia,
1176 1427 1180 1437 ·

21 1500 170 1554 ltrerum
199 1488 297 1552 etiam
324 1488 446 1554 Romae
472 1489 507 1553 in
533 1489 651 1554 iudicio
679 1489 817 1572 audiret3
846 1489 903 1554 ille
929 1490 965 1556 in
992 1491 1063 1556 auri

56 1577 224 1642 semuncia
241 1579 346 1642 totam
364 1576 557 1661 Hispaniam
576 1578 658 1642 scire
676 1577 790 1660 voluit,
812 1577 895 1642 unde
918 1579 1062 1662 praetori

56 1666 173 1730 anulus
201 1665 302 1730 fieret.
342 1663 504 1730 Nimirum
531 1668 568 1730 ut
595 1665 648 1730 hic
672 1686 791 1730 nomen
813 1686 907 1730 suum
930 1687 1063 1750 conpro-

55 1753 160 1835 bavit,
184 1751 232 1820 sic
253 1753 310 1818 ille
333 1775 519 1839 cognomen.

119 1840 226 1906 Nullo
257 1841 353 1907 modo
382 1863 515 1926 possum
542 1840 651 1926 omnia
677 1839 772 1904 istius
799 1840 887 1906 facta
914 1844 971 1906 ant
999 1863 1062 1906 me·
1072 1837 1115 1903 26

26 1931 162 1994 emona
192 1929 344 2012 consequi
372 1934 428 1994 aut
455 1928 611 1996 oratione,
628 1928 813 2014 compleoti3
845 1949 964 2013 genera
990 1929 1063 2014 ipsa

58 2019 151 2104 cupio
173 2017 315 2082 breviter
339 2018 513 2104 attingere,
535 2021 573 2082 ut
594 2017 648 2083 hic
670 2014 766 2082 modo
789 2039 841 2082 me
864 2017 1063 2083 commonuit

58 2104 186 2172 Pisonis
210 2105 339 2190 anulus,
368 2106 454 2190 quod
475 2109 582 2171 totum
605 2105 782 2172 effluxerat.
823 2103 926 2182 Quam
950 2105 1062 2170 multis

58 2193 157 2260 istum
190 2194 315 2278 putatis
346 2193 531 2260 hominibus
563 2194 725 2261 honestis,
742 2193 780 2258 de
808 2193 919 2280 digitis
948 2195 1062 2260 anulos

59 2281 257 2347 abstulisse?
292 2280 478 2368 Numquam
501 2282 673 2365 dubitavit,
696 2282 982 2366 quotienscumque
1006 2283 1058 2348 ali·

30 2373 148 2436 ¹⁵ouius
167 2373 226 2436 aut
245 2391 373 2456 gemma
391 2374 449 2436 aut
467 2371 564 2436 anulo
583 2371 760 2435 delectatus
779 2373 836 2434 est.
870 2369 1063 2436 Incredibile

60 2459 173 2542 dicam,
188 2459 245 2523 sed
257 2459 306 2523 ita
314 2459 446 2542 clarum,
460 2462 497 2523 ut
507 2459 615 2543 ipsum
628 2460 822 2542 negaturum
836 2479 904 2524 non
916 2458 1063 2523 arbitrer.

61 2545 140 2614 Cum
150 2545 315 2632 Valentio,
333 2548 400 2612 eius
414 2545 594 2632 interpreti,
612 2544 753 2631 epistula
763 2543 946 2632 Agrigento
961 2546 1063 2612 allata
1081 2547 1116 2599 58

61 2641 158 2720 esset,
186 2657 264 2702 casu
290 2637 419 2722 signnm
445 2636 508 2700 iste
534 2633 679 2699 animum
706 2633 846 2698 advertit
872 2633 907 2698 in
932 2634 1063 2698 cretula.

60 2722 189 2790 Placuit
216 2723 259 2808 οἱς
291 2724 464 2809 quaesivit,
495 2721 579 2788 unde
605 2725 692 2788 esset
718 2722 873 2807 epistula3
899 2721 1063 2806 respondit

31 2812 252 2900 llAgrigento.
292 2811 359 2878 Iste
387 2813 529 2894 litteras,
557 2811 598 2876 ad
625 2832 706 2895 quos
730 2811 870 2893 solebat,
897 2810 999 2892 misit,
1026 2813 1063 2874 ut

60 2901 85 2966 is
105 2902 224 2967 anulus
243 2901 284 2966 ed
302 2923 336 2966 se
354 2900 460 2984 primo
480 2921 605 2984 quoque
623 2903 770 2982 tempore
789 2897 976 2964 adferretur.
1011 2895 1063 2962 Ita

61 2988 180 3056 litteris
207 2989 303 3054 istius
330 2989 417 3074 patri
445 2987 601 3071 familias,
631 2986 667 3052 L.
686 2987 787 3071 Titio,
817 2986 881 3052 civi
907 2985 1064 3069 Romane,

62 3079 176 3144 anulus
203 3078 243 3144 de
270 3077 373 3162 digito
401 3078 564 3144 detractus
592 3079 663 3144 est„
696 3074 759 3140 Illa
785 3096 862 3140 vero
887 3073 955 3140 eius
978 3074 1064 3158 eupi-

63 3165 144 3232 ditas
172 3165 371 3232 incredibilis
399 3169 459 3231 est.
503 3163 588 3230 Nam
615 3168 653 3229 ut
679 3163 714 3227 in
739 3163 869 3248 singula
891 3162 1064 3246 conclavia,

32 3271 141 3337 equae
164 3253 236 3319 iste
267 3275 334 3319 non
364 3254 461 3318 modo
488 3251 623 3334 Romae,
655 3251 711 3316 sed
739 3250 773 3316 in
800 3250 950 3316 omnibus
977 3251 1064 3316 villis

61 3341 172 3427 habet,
201 3343 396 3428 trigeminos
423 3342 525 3407 lectos
553 3340 675 3424 optime
703 3342 825 3406 stratos
852 3360 924 3405 cum
950 3339 1064 3404 ceteris
1185 3349 1188 3424 l

64 3431 259 3498 ornamentis
288 3430 428 3497 convivii
455 3431 636 3514 quaereret,
662 3427 797 3494 nimium
823 3428 928 3494 multa
950 3449 1065 3510 conpa-

779 3530 851 3585 as*
