2422 3952
169 151 210 214 18
438 147 510 203 reo
529 148 558 203 P.
574 145 747 213 oomomo
765 145 909 201 onemo.

167 293 327 358 bonorum
349 291 502 356 instituto
525 291 647 372 vivere,
668 291 774 356 multe
796 294 929 377 oportet
952 290 1059 355 discat
1084 295 1188 376 atque

169 381 324 464 dediscat,
348 401 485 464 quorum
507 379 558 443 illi
581 380 682 444 aetati
704 383 877 462 utmmque
900 377 1035 443 difficile
1058 384 1123 443 esti

117 468 158 532 18
235 467 323 534 ‘Non
345 465 513 550 dubitavi',
535 467 651 551 inquit,
674 467 759 532 ‘oum
772 467 995 532 vadimonium
1015 467 1187 532 desertum

169 562 267 639 esset,
296 557 382 621 bono
409 553 631 640 proscribere?
674 553 842 640 improbe,
868 575 995 639 verum,
1024 556 1188 639 quoniam

168 650 205 710 tu
232 645 265 709 id
294 643 355 708 tibi
384 664 519 728 arrogas
547 647 580 708 et
607 643 737 708 concedi
764 644 928 727 postulas,
955 643 1188 709 concedamus.

169 733 261 816 Quid,
285 731 312 796 si
330 752 507 815 numquam
531 731 682 815 deseruit,
706 730 734 795 si
756 731 822 796 ista
845 751 942 796 causa
965 731 1026 796 ebs
1050 735 1087 796 te
1111 737 1188 798 tota

168 841 226 905 per
254 840 414 884 summam
440 817 587 884 fraudem
616 822 649 884 et
672 818 833 884 malitiam
855 819 932 884 licta
954 822 1015 902 est,
1040 821 1070 884 si
1095 821 1187 886 vadi·

168 908 312 972 monium
331 907 464 972 omnino
481 907 543 972 tibi
562 929 635 973 cum
648 906 684 972 P.
695 905 845 982 Quinctio
863 907 991 996 nullum
1009 906 1097 972 fuit?
1120 931 1187 993 quo

168 1000 202 1060 te
219 995 350 1061 nomino
371 995 593 1080 appellemus?
616 994 828 1081 Improbum?
851 994 898 1059 At
920 995 1052 1060 etiamsi
1076 997 1188 1062 deser·

169 1088 240 1152 tum
262 1084 599 1166 vadimonium-osset,
621 1087 732 1148 tamen
754 1083 789 1147 in
810 1083 876 1155 ista
898 1084 1129 1167 postulatione
1153 1090 1188 1150 et

167 1173 405 1257 proscriptione
415 1173 574 1238 bonorum
583 1171 844 1256 improbissimus
852 1171 1069 1256 reperiebam.
1089 1173 1187 1238 Mali-

169 1261 312 1325 tiosum?
339 1259 415 1324 Non
439 1269 552 1346 negas.
592 1259 869 1325 Fraudulentum?
895 1257 967 1324 Iam
990 1259 1024 1324 id
1049 1262 1187 1344 quidem

169 1369 304 1434 arrogas
323 1348 386 1412 tibi
404 1352 437 1413 et
454 1348 657 1432 praeclarum
675 1351 781 1432 putas.
817 1347 992 1430 Audacem,
1015 1349 1186 1434 cupidum,

169 1436 399 1520 perfidiosum?
412 1434 574 1520 Vulgaria
587 1439 620 1502 et
634 1436 784 1502 obsoleta
797 1440 886 1518 suut3
900 1456 952 1501 res
966 1439 1081 1501 autem
1096 1461 1186 1504 nora

116 1538 150 1588 tr
170 1528 267 1607 atque
285 1523 437 1590 inaudita
476 1521 559 1598 Quid
580 1544 658 1609 ergo
681 1525 752 1590 est?
775 1522 899 1590 Vereor
921 1524 1122 1610 mehercule,
1145 1549 1186 1592 ne

170 1614 227 1677 aut
254 1611 458 1696 gravioribus
485 1614 561 1679 utar
587 1610 710 1696 verbis,
742 1635 840 1697 quam
866 1616 985 1678 natura
1011 1611 1094 1698 fert,
1128 1621 1186 1680 aut

169 1700 355 1784 levioribus
374 1721 471 1784 quem
490 1720 587 1766 cause
603 1699 759 1784 postulat.
787 1700 847 1766 Ais
866 1721 936 1766 esse
954 1702 1185 1768 vadimonium

170 1788 341 1854 desertum.
386 1786 553 1864 Quaesivit
581 1811 601 1852 a
627 1792 674 1870 te,
702 1789 815 1854 statim
842 1793 879 1855 ut
903 1788 1044 1855 Romam
1072 1793 1184 1874 rediit,

170 1875 352 1958 Quinctius,
380 1898 443 1960 quo
467 1877 519 1941 die
540 1876 762 1942 vadimonium
783 1877 868 1941 istuc
890 1876 1015 1942 factum
1039 1899 1113 1944 esse
1139 1881 1183 1944 di·

170 1987 267 2030 ceres.
307 1964 517 2048 Respondisti
538 1965 663 2030 statim:
686 1963 791 2030 Nonis
809 1963 902 2030 Febr.
941 1964 1124 2031 Discedens
1149 1969 1184 2032 in

169 2052 361 2117 memoriam
378 2053 463 2116 redit
481 2051 664 2134 Quinctius,
687 2073 750 2137 quo
774 2052 826 2118 die
847 2051 953 2118 Roma
975 2053 1010 2117 in
1033 2053 1184 2120 Galliam

169 2139 333 2224 profectus
348 2138 405 2222 sit;
419 2139 460 2203 ad
474 2139 711 2224 ephemeridem
725 2141 913 2222 revertitur,
931 2141 1097 2207 invenitur
1113 2144 1184 2209 dies

169 2224 380 2311 profectionis
407 2226 511 2310 pridie
533 2225 607 2292 Kal.
630 2227 723 2294 Febr.
763 2226 867 2294 Nonis
890 2227 984 2294 Febr.
1002 2229 1030 2294 si
1053 2230 1184 2297 Romae

169 2313 245 2396 fuit,
269 2335 384 2379 causae
402 2314 485 2379 nihil
505 2314 654 2400 dicimus,
677 2316 758 2400 quin
777 2316 839 2380 tihi
861 2317 1081 2382 vadimonium
1107 2342 1184 2405 pro·

118 2415 152 2466 58
170 2402 306 2467 miserit.
338 2400 444 2477 Quid?
466 2403 528 2469 hoc
546 2404 684 2472 inveniri
702 2405 758 2488 qui
775 2405 907 2489 potest?
938 2405 1111 2472 Profectus
1133 2413 1184 2473 est

170 2512 235 2555 una
252 2488 287 2554 L.
297 2489 424 2576 Albius,
446 2491 545 2557 homo
564 2515 637 2557 oum
654 2492 769 2576 primis
786 2493 957 2577 honestus;
979 2494 1065 2559 dicet
1086 2499 1183 2561 testi·
1203 2555 1204 2578 ,

171 2577 324 2644 monium.
351 2577 520 2645 Prosecuti
534 2584 609 2645 suut
622 2579 800 2645 familiares
815 2583 847 2646 et
858 2581 992 2647 Albium
1010 2586 1043 2648 et
1062 2581 1183 2658 Quinc·
1203 2587 1204 2608 l

170 2668 267 2752 tium3
303 2667 410 2732 dicent
446 2667 480 2732 hi
518 2689 652 2752 quoque,
678 2668 911 2734 testimonium.
965 2667 1113 2736 Litterae
1148 2673 1182 2737 P.

171 2751 313 2840 Quincti,
340 2759 441 2821 testea
468 2758 533 2838 tot,
561 2756 677 2840 quibus
703 2757 853 2822 omnibus
876 2778 974 2822 causa
995 2758 1183 2826 iustissima

171 2849 234 2928 est,
261 2867 317 2911 cur
342 2844 423 2909 scire
446 2844 625 2928 potuerint,
651 2845 756 2929 nulle,
784 2866 841 2909 cur
862 2845 1077 2931 mentientur,
1103 2871 1182 2913 cum

170 2933 406 3018 adstipulatore
425 2935 483 2997 tuo
506 2933 788 3016 comparabuntur.
1203 2999 1204 3012 ,

117 3031 151 3080 oe
235 3021 281 3085 Et
302 3021 338 3084 in
359 3021 420 3086 hac
443 3020 512 3084 eius
534 3020 623 3086 modi
646 3043 743 3086 causa
764 3020 799 3088 P.
818 3019 987 3096 Quinctius
1010 3023 1182 3090 laborabit
1203 3013 1204 3080 l

171 3109 204 3170 et
218 3107 339 3172 diutius
357 3108 392 3171 in
409 3111 502 3173 tanto
521 3113 611 3174 metu
629 3109 727 3174 miser
744 3109 952 3194 periculoque
969 3112 1181 3178 versabitur?
1203 3111 1204 3172 ἶ

171 3196 204 3259 et
218 3193 439 3260 vehementius
454 3218 528 3261 eum
542 3197 650 3282 gratia
664 3197 841 3262 adversarii
853 3198 1058 3283 perterrebit,
1078 3221 1180 3284 quam
1203 3201 1204 3284 i

170 3282 250 3347 fides
273 3281 387 3346 iudicis
411 3284 653 3349 consolabitur?
680 3284 772 3350 Vixit
795 3287 881 3350 enim
905 3307 1032 3370 semper
1054 3288 1180 3354 inculte

172 3373 270 3453 atque
287 3369 432 3453 horride3
453 3375 571 3436 natura
589 3371 678 3436 tristi
701 3393 738 3438 ec
761 3373 926 3439 recondita
947 3374 1024 3458 fuit3
1047 3397 1112 3441 non
1137 3379 1180 3443 ed
1203 3449 1204 3454 γ

172 3457 338 3539 solarium,
354 3477 421 3522 non
438 3457 473 3520 in
492 3480 615 3543 campo,
634 3481 701 3526 non
718 3461 753 3525 in
770 3461 926 3528 conviviis
945 3466 1093 3528 versatus
1111 3470 1179 3548 est,
1203 3515 1204 3528 ,
