2402 3936
170 159 236 222 290
471 155 511 210 IN
529 158 559 213 C.
574 155 730 211 VERREM
748 156 828 211 ACT.
847 158 881 210 II.

169 323 210 368 ne
236 303 384 386 tolleret,
414 305 454 365 ut
485 305 562 366 anta
587 299 753 364 Kalendas
782 299 921 365 Sextiles
947 301 1094 366 decumas
1122 302 1171 364 de-

169 395 318 476 portatas
350 389 612 473 haberetsdaeo
637 388 749 453 omnia
775 389 841 453 iam
869 389 1008 454 venditis
1035 389 1172 454 decumis

171 501 255 544 anno
289 479 388 543 tertio
419 482 454 542 to
486 477 623 541 edixisse
655 476 740 559 dic03
777 497 859 560 quae
891 477 921 540 si
952 477 999 540 rei
1029 477 1173 562 publicae

171 589 268 633 causa
296 567 432 649 faceres,
457 565 493 628 in
520 564 690 630 vendundo
715 569 827 628 essent
851 565 1075 648 pronuntiata,
1104 566 1174 648 quia

170 660 228 720 tua
261 677 357 718 causa
381 653 546 736 'faciebas‚
579 652 664 737 quod
697 657 767 716 erat
793 653 1012 736 imprudentia
1038 659 1186 738 praeter-r

171 745 320 823 missum,
347 741 381 804 id
409 745 547 824 quaestu
572 761 613 811 ac¹
631 744 779 825 tempore
802 741 988 805 admonitus
1011 743 1175 826 reprehen-

119 831 257 894 sedisti
312 829 399 894 Illud
435 851 512 893 vero
549 829 600 894 cui
632 829 765 913 probari
796 832 919 913 potest,
955 833 990 893 te
1023 831 1092 893 sine
1123 834 1173 892 tuo

171 921 317 1001 quaestu,
340 937 378 982 ac
400 917 543 982 maximo
565 921 713 1000 quaestu,
735 920 863 980 tantam
886 921 979 980 tuam
1001 917 1175 997 infamiam,

171 1009 301 1070 tantum
328 1006 444 1090 capitis
471 1005 522 1068 tui
548 1004 818 1090 fortunarumque
846 1009 980 1069 tuarum
1000 1005 1172 1090 periculum

171 1094 366 1196 neglexisse,
402 1098 453 1177 ut,
487 1113 560 1157 eum
591 1092 694 1157 totius
726 1090 856 1156 Siciliae
887 1092 1007 1157 cotidie
1040 1094 1174 1179 gemitus

172 1182 454 1266 querimoniasque
476 1169 612 1264 audires,
635 1199 717 1262 cum,
739 1181 808 1244 ut
798 1201 869 1263 ipse
892 1180 1014 1263 dixisti,
1036 1202 1126 1246 reum
1147 1185 1173 1242 te

171 1271 241 1334 fore
255 1275 397 1355 putares,
416 1291 488 1334 eum
501 1269 634 1333 huiusce
647 1267 758 1332 iudicii
777 1267 949 1332 discrimen
969 1269 1012 1332 ab
1031 1270 1173 1352 opinione

171 1363 229 1422 tua
262 1379 328 1424 non
360 1358 564 1439 abhorreret,
599 1359 748 1440 peterere
778 1361 889 1420 tamen
922 1361 1070 1421 aratores
1102 1356 1173 1420 indi·

173 1445 339 1530 gnissimis
365 1444 492 1509 iniuriis
518 1444 628 1509 vexari
651 1463 689 1508 ac
712 1443 830 1528 diripi‘?
876 1443 1045 1528 Profecto,
1073 1466 1173 1530 quam·

173 1555 269 1615 quam
298 1553 332 1596 es
356 1532 515 1617 singulari
538 1531 730 1596 crudelitate
754 1536 789 1595 et
810 1532 958 1614 audacia,⁴
986 1537 1100 1597 tamen
1122 1533 1186 1596 abst

172 1625 205 1684 te
214 1624 320 1684 totam
329 1620 466 1704 alienari
478 1620 689 1706 provinciam,
703 1623 755 1683 tot
769 1619 917 1684 homines
932 1620 1171 1685 honestissimos

173 1729 210 1774 ac
232 1709 507 1793 locupletissimos
530 1707 593 1772 tibi
615 1707 856 1772 inimicissimos
879 1708 950 1772 fieri
973 1710 1095 1792 nolles,
1118 1707 1172 1772 nisi

172 1798 257 1863 hanc
284 1797 445 1862 rationem
472 1799 505 1860 et
530 1796 763 1881 cogitationem
787 1795 903 1859 salutis
926 1800 1004 1860 tuae
1028 1796 1171 1882 pecuniae

120 1895 154 1946 ⁵3
172 1885 332 1970 cupiditas
357 1907 393 1950 ae
416 1905 569 1968 praesens
591 1884 652 1947 illa
673 1883 793 1968 praede
804 1888 995 1984 superaret.
1040 1885 1186 1962 Etenim
1185 1917 1186 1920 ι

173 1973 326 2056 quoniam
345 1993 505 2036 summam
524 1991 561 2034 aa
579 1993 748 2035 numerum
766 1971 957 2035 iniuriarum
977 1973 1082 2057 vobis,
1102 1971 1170 2036 iudi-
1161 1981 1185 2049 -l

172 2081 237 2142 ces,
270 2079 337 2122 non
367 2079 501 2144 possum
534 2079 735 2143 expromere,
769 2059 965 2144 singillatim
1000 2065 1110 2126 autem
1139 2059 1184 2122 de

171 2146 433 2246 uniuscuiusque
451 2145 656 2211 incommodo
675 2147 779 2212 dicere
796 2147 961 2211 infinitum
982 2153 1034 2212 est
1034 2168 1171 2235 ,genera

170 2235 243 2318 ipsa
263 2232 470 2316 iniuriarum,
492 2253 627 2318 quaeso,
650 2235 844 2320 cognoscite.

119 2319 160 2383 21
236 2319 391 2406 Nympho
419 2324 469 2384 est
493 2321 736 2407 Centuripinus,
762 2323 861 2388 homo
886 2343 1011 2410 gnavus
1036 2329 1070 2389 et
1092 2303 1182 2390 indu-l

172 2408 284 2493 atrius,
308 2409 606 2494 experientissimus
630 2432 667 2475 ac
690 2410 959 2496 diligentissimus
984 2417 1106 2478 arator.
1141 2410 1169 2474 le

171 2519 244 2562 cum
272 2500 435 2562 arationes
463 2519 600 2584 magnas
628 2498 802 2563 conductas
829 2499 977 2582 haberet,
1010 2502 1099 2584 quod
1124 2501 1169 2564 ho·

171 2587 274 2650 mines
293 2586 392 2650 etiam
410 2587 599 2670 locupletes,
622 2587 706 2650 sicut
723 2586 849 2650 illet
799 2589 858 2670 est,
880 2587 916 2651 in
939 2586 1052 2653 Sicilia
1073 2590 1168 2654 facere

171 2678 380 2757 consuerunt,
408 2695 527 2759 easque
553 2695 674 2760 magna
696 2675 832 2759 inpensa
854 2695 1039 2760 magnoque
1062 2677 1168 2741 instru

171 2767 281 2827 mento
299 2766 454 2845 tueretur,
476 2765 570 2826 tanta
587 2763 629 2826 ab
647 2762 711 2826 isto
730 2763 904 2846 iniquitate
923 2785 1099 2848 oppressus
1119 2785 1147 2828 es

170 2854 209 2914 ut
233 2873 300 2916 non
322 2851 418 2915 modo
442 2849 606 2914 arationes
628 2849 839 2934 relinqueret,
867 2851 923 2915 sed
946 2852 1047 2916 etiam
1070 2875 1109 2917 ex
1130 2849 1154 2915 S

171 2938 246 3002 cilia
272 2938 463 3024 profugeret
484 2937 686 3020 Romamque
713 2959 778 3002 una
804 2961 878 3003 cum
905 2939 1018 3004 multis
1046 2941 1088 3005 ab
1112 2941 1169 3004 isto

171 3025 281 3090 eiectis
298 3027 432 3090 veniret.
463 3023 594 3108 †Fecit
612 3029 650 3090 ut
668 3024 861 3090 decumanus
876 3026 1104 3113 Nymphonem
1121 3047 1164 3091 ne·

171 3117 265 3198 garet
284 3135 322 3177 ex
345 3114 451 3178 edicto
473 3114 532 3178 illo
555 3113 733 3197 praeclaro,
756 3115 842 3197 quod
864 3116 989 3179 nullam
1014 3117 1056 3180 ad
1078 3117 1164 3180 aliam

170 3221 239 3263 rem
256 3200 322 3264 nisi
340 3200 380 3265 ad
398 3201 494 3265 huius
512 3201 601 3265 modi
619 3206 775 3286 quaestus
791 3203 985 3286 pertinebat,
1006 3221 1163 3270 numerum

117 3296 154 3344 54
170 3286 318 3368 iugerum
332 3288 514 3370 professum
529 3309 607 3355 esse.
638 3288 792 3373 Nympho
810 3312 883 3354 cum
902 3313 938 3356 se
955 3293 1056 3358 vellet
1073 3307 1163 3376 aequo

169 3371 287 3434 iudicio
307 3373 485 3457 defendere,
503 3376 560 3440 dat
576 3377 640 3441 iste
657 3377 746 3440 viros
765 3379 907 3462 optimos
925 3385 1161 3465 recuperatores,

171 3454 304 3518 eundem
323 3457 417 3522 illurn
437 3463 596 3527 medicum
616 3462 801 3528 Cornelium
821 3465 864 3551 (is
886 3471 936 3530 est
950 3468 1160 3533 Artemidorus
