2404 3928
254 185 320 240 ala.
340 187 378 241 Ν
411 186 486 242 οΑΡ.
506 191 611 242 53-55
630 193 645 254 e
666 193 812 243 118-123.
920 210 921 214 ¹
969 187 1036 252 415

37 351 222 395 conservare
243 331 409 396 voluisset.
449 330 489 394 In
511 330 572 396 hac
594 330 771 416 partitione
795 335 929 396 ornatus
951 353 1017 398 non
1037 345 1087 401 121

37 417 103 502 plus
121 419 261 484 victoria
277 418 425 484 Marcelli
442 419 564 504 populo
583 419 731 484 R'omano
751 419 917 505 adpetivit,
938 442 1036 504 quam

37 506 217 572 humanitas
231 505 440 591 Syracusanis
455 507 642 573 reservavit.
675 507 813 574 Romam
828 529 909 592 quae
927 528 1036 592 aspor-

37 598 100 660 tata
118 599 207 680 sunt,
229 596 269 660 ad
293 595 403 660 aedem
422 594 564 660 Honoris
588 599 621 660 et
631 594 773 662 Virtutis
796 596 938 680 itemque
961 596 1034 662 aliis

18 682 66 746 sin
90 684 171 749 locis
200 683 353 749 videmus.
401 683 492 748 Nihil
520 685 555 748 in
579 683 728 769 aedibus,
759 684 842 749 nihil
869 684 903 749 in
930 685 1036 749 hortis

37 772 151 857 posuit,
184 772 268 836 nihil
297 772 333 836 in
363 772 562 856 suburban03
594 773 736 858 putavit,
769 773 797 837 si
824 773 913 838 urbis
941 795 1035 838 orna-

39 863 138 924 menta
172 861 303 926 domum
335 881 427 926 suam
454 882 520 926 non
547 861 752 944 contulisset,
785 861 914 927 domum
943 883 1035 927 suam

39 953 222 1014 ornamento
250 948 323 1014 urbi
350 949 503 1014 futuram.
549 947 716 1032 Syracusis
741 953 849 1014 autem
873 951 1036 1034 permulta

40 1039 127 1120 atque
159 1038 293 1125 egregia
324 1037 469 1121 reliquit3
502 1038 596 1102 deum
627 1058 705 1102 vero
736 1038 863 1102 nullum
890 1038 1036 1122 violavit,

12 1139 30 1180 1⁰
39 1125 155 1191 nullum
189 1125 310 1212 attigit.
361 1124 512 1192 Conferte
535 1125 684 1209 Verrem,
714 1147 781 1190 non
806 1129 844 1190 ut
870 1125 1035 1190 hominem

41 1233 103 1277 cum
119 1213 253 1280 homine
271 1215 475 1299 comparetis,
497 1235 537 1279 ne
561 1237 625 1298 qua
647 1213 707 1280 tali
730 1214 799 1278 viro
823 1217 953 1280 mortuo
976 1214 1037 1279 fiat

39 1299 154 1388 iniuria,
179 1303 236 1369 sed
254 1307 291 1368 ut
309 1325 420 1388 pacem
440 1324 513 1368 cum
535 1302 632 1385 bello,
655 1302 744 1387 leges
767 1324 841 1367 cnm
863 1301 905 1385 vi,
927 1301 1035 1367 forum

41 1392 67 1452 et
90 1391 168 1457 iuris
199 1391 371 1458 dictionem
399 1412 471 1456 cum
498 1391 585 1455 ferro
610 1394 642 1454 et
666 1389 778 1474 armis,
806 1391 979 1456 adventum
1002 1394 1036 1456 et

42 1479 222 1546 comitatum
245 1501 317 1545 cum
341 1480 482 1544 exercitu
505 1483 537 1543 et
559 1478 695 1544 victoria
718 1479 902 1544 conferatis.

1045 1533 1089 1598 55

14 1579 32 1618 ¹⁵
96 1567 197 1634 Aedis
219 1567 384 1633 Minervae
407 1571 457 1632 est
478 1567 514 1632 in
535 1565 660 1650 Insula,
688 1567 727 1632 de
750 1589 814 1651 qua
837 1571 914 1632 ante
939 1568 1087 1659 dixi312,

43 1675 126 1734 quam
138 1655 315 1722 Marcellus
333 1677 399 1720 non
417 1655 538 1741 attigit,
558 1677 655 1739 quam
673 1655 804 1740 plenam
824 1660 921 1740 atque
941 1677 1035 1721 orna-

42 1743 99 1806 tam
122 1745 268 1828 reliquit,
297 1765 378 1829 quae
402 1745 443 1808 ab
465 1743 531 1809 isto
555 1743 600 1808 sic
623 1743 765 1828 spoliata
788 1747 885 1827 atque
910 1743 1036 1827 direpta

44 1834 91 1912 est,
111 1854 176 1898 non
200 1837 236 1898 ut
260 1833 301 1897 ab
323 1832 418 1896 hoste
442 1831 561 1916 aliquo,
585 1831 640 1914 qui
662 1833 772 1896 tamen
794 1831 829 1896 in
851 1831 940 1896 bello
962 1831 1036 1895 reli·

44 1917 158 2000 ponem
184 1925 217 1986 et
240 1920 479 1986 consuetudinis
502 1919 574 1983 iura
597 1918 760 2002 retineret,
784 1919 840 1983 sed
862 1922 899 1983 ut
921 1940 942 1983 a
964 1919 1036 1984 bar·

17 2003 118 2072 uberis
144 2009 362 2095 praedonibus
390 2011 507 2073 vexata
534 2029 604 2072 esse
629 2007 784 2073 videatur.
829 2007 943 2093 Pugna
965 2011 1036 2074 erat

45 2095 903 2269 lltttttttlltlttlplrlllulrttall
927 2100 1036 2250 allil

46 2275 103 2336 erat
120 2296 157 2340 ea
180 2275 309 2360 pictura
330 2271 486 2356 nobilius,
508 2271 591 2336 nihil
615 2271 798 2357 Syracusis,
821 2272 907 2358 quod
930 2274 1035 2361 magis

45 2357 199 2428 visendum
221 2365 398 2447 putaretur.
439 2360 508 2426 Has
531 2361 662 2424 tabulas
686 2360 729 2426 Μ.
746 2360 936 2446 Marcellus,
964 2383 1037 2427 cum

20 2451 141 2516 somnia
168 2451 306 2517 victoria
332 2449 392 2514 illa
420 2471 478 2514 sua
499 2446 638 2533 profana
659 2446 802 2532 iecisset,
829 2452 939 2512 tamen
962 2449 1037 2513 reli-

47 2534 128 2616 gione
145 2539 310 2625 inpeditus
327 2558 394 2602 non
413 2537 539 2622 attigit3
561 2535 633 2619 iste,
652 2557 724 2600 cum
743 2536 802 2600 illa
819 2534 886 2600 iam
903 2539 1037 2620 propter

48 2620 218 2693 diuturnam
255 2647 369 2713 pacem
404 2625 658 2708 fidelitatemque
694 2623 807 2709 populi
843 2621 1037 2708 Syracusani

48 2729 126 2780 sacra
147 2716 365 2804 religiosaque
389 2713 578 2798 accepisset,
606 2711 710 2777 omnis
736 2733 791 2776 eas
813 2713 943 2777 tabulas
967 2714 1037 2776 abs-

47 2797 120 2887 tulit,
140 2805 292 2891 parietes,
316 2823 452 2888 quorum
471 2804 605 2866 ornatus
624 2803 675 2866 tot
694 2801 823 2866 saecula
841 2803 1037 2884 manserant,

20 2886 88 2951 ³⁰tot
116 2892 204 2959 bella
236 2893 430 2978 effugerant,
461 2888 564 2954 nudos
598 2911 635 2955 ac
667 2887 865 2954 deformatos
896 2889 1037 2972 reliquit.

46 2971 83 3038 llt
98 2977 277 3064 Marcellus,
301 2979 365 3064 qui,
388 2978 417 3042 si
439 2975 614 3062 Syracusas
638 2977 785 3062 cepisset,
809 2976 871 3041 duo
895 2977 1091 3061 templa123

48 3080 75 3125 ΒΘ
90 3065 209 3135 Romae
228 3069 449 3134 dedicaturum
467 3068 610 3150 voverat,
632 3065 661 3129 is
683 3065 725 3148 id,
750 3064 835 3148 quod
859 3067 929 3129 erat
952 3065 1035 3129 aedi-

47 3147 196 3242 ficaturus,
213 3157 253 3222 iis
268 3157 364 3222 rebus
379 3176 504 3238 ornare,
522 3175 603 3238 quas
619 3156 758 3236 ceperat,-
775 3152 894 3235 noluit3
909 3151 1037 3239 Verres,

50 3241 178 3319 quinon
198 3246 325 3312 Honori
347 3265 450 3329 neque
467 3242 607 3324 Virtuti,
635 3262 731 3325 quem
754 3240 796 3305 ad
818 3240 949 3306 modum
971 3242 1037 3326 ille,

22 3328 95 3392 ³⁵⁸ed
107 3330 223 3399 Veneri
242 3338 275 3399 et
293 3332 443 3418 (lupidini
459 3334 538 3396 vota
557 3330 696 3413 deberet,
719 3329 747 3393 is
770 3327 935 3394 Minervae
958 3333 1038 3395 tem-

51 3413 127 3492 llum
153 3423 292 3507 spoliare
319 3424 453 3488 conatus
479 3422 538 3484 est.
581 3417 643 3483 ille
666 3418 742 3483 deos
767 3417 899 3482 deorum
922 3419 1036 3502 spoliis

51 3511 145 3576 ornari
178 3510 297 3594 noluit,
332 3510 386 3575 hio
418 3510 608 3574 ornamenta
639 3504 803 3572 Minervae
835 3505 970 3591 virginis
1002 3506 1037 3570 in
