2392 3944
155 143 218 208 186
448 140 488 196 IN
506 140 535 194 (l.
554 137 709 196 VERREM
727 139 808 196 ACT.
825 139 859 194 11.

153 286 272 352 etenim
309 288 380 351 erat
415 283 562 369 iniquum
597 283 723 349 homini
758 283 941 370 proscripto
979 284 1089 370 egenti
1122 284 1156 347 de

151 374 304 440 fraternis
324 373 418 440 bonis
438 373 612 458 quiequam
630 372 709 437 dari.
745 371 906 456 Libertus,
928 372 994 436 nisi
1009 393 1050 437 ex
1062 375 1158 436 testa·

153 468 263 528 mento
286 462 418 546 patroni
439 462 589 545 iurasset,
611 461 715 526 scelus
740 481 774 524 se
796 460 960 525 facturum
984 460 1157 524 arbitraba-

101 564 152 614 124
169 555 237 635 tur3
260 550 371 634 itaque
393 549 424 614 ei
446 547 564 614 Verres
588 548 828 633 possessionem
848 548 1043 613 hereditatis
1065 551 1159 634 negat

153 661 188 705 se
218 641 381 721 daturum,
412 659 454 702 ne
480 640 592 723 posset
619 641 794 722 patronum
822 658 917 702 suurn
944 637 1180 722 proscriptum

151 729 276 811 iuvare,
304 725 401 790 simul
428 729 466 789 ut
494 728 579 790 esset
605 745 724 809 poena,
756 723 843 809 quod
870 724 1006 802 alterius
1035 723 1160 809 patroni

152 817 348 880 testamento
372 817 639 898 optemperasset.
684 811 752 877 Das
776 812 1017 898 possessionem
1042 811 1086 896 ei,
1111 812 1160 896 qui

152 925 218 967 non
244 900 378 986 iuravit3
405 901 558 985 coneed03
587 901 788 986 praetorium
811 904 869 964 est.
915 898 1046 965 Adimis
1069 905 1106 966 tu
1127 900 1160 982 ei,

152 990 209 1075 qui
226 991 359 1074 iuravit3
382 1011 446 1074 quo
465 989 635 1074 exemplo?
659 988 882 1074 Proscriptum
900 989 1008 1072 iuvat3
1032 990 1086 1054 lex
1108 991 1160 1070 est,

17 1161 18 1166 γ
151 1101 257 1164 poena
270 1073 329 1144 eit.
362 1077 446 1154 Quid
461 1079 501 1144 ad
516 1099 598 1161 eum,
613 1077 669 1162 qui
681 1077 732 1142 ius
747 1077 847 1142 dicit?
867 1081 981 1141 utrum
994 1078 1189 1162 reprehens

153 1168 212 1250 dis,
231 1169 317 1252 quod
330 1171 505 1252 patronum
523 1166 658 1230 iuvabat
677 1187 760 1249 eum,
779 1165 835 1249 qui
854 1167 952 1246 [tum]
972 1165 1008 1229 in
1028 1165 1158 1230 miseriis

152 1259 232 1338 erat,
246 1278 289 1320 an
301 1256 387 1339 quod
399 1255 532 1320 alterius
544 1253 676 1339 patroni
687 1253 809 1318 mortui
819 1254 1027 1318 voluntatem
1041 1275 1159 1319 conser-

151 1343 264 1427 vabat,
295 1366 314 1408 a
342 1365 406 1426 quo
433 1363 596 1408 summurn
618 1341 810 1408 beneficium
833 1341 1026 1426 acceperat?
1055 1347 1159 1406 utrum

150 1432 269 1496 horum
296 1430 525 1515 reprehendis?
571 1431 616 1496 Et
643 1431 706 1496 hoc
733 1433 805 1495 tum
832 1431 870 1494 de
900 1430 984 1494 sella
1006 1430 1057 1494 vir
1080 1430 1158 1515 opti·

152 1540 223 1583 mus
251 1519 345 1582 dixit:
373 1516 498 1602 ‘Equiti
524 1516 673 1583 Romano
700 1521 770 1584 tam
802 1517 959 1602 locupleti
991 1518 1188 1582 libertinusc

150 1607 250 1672 homo
274 1606 317 1670 sit
338 1605 467 1671 heresr’
513 1603 747 1672 Omodestum
771 1607 932 1690 ordinem,
960 1606 1046 1690 quod
1071 1607 1157 1671 illinc
1190 1621 1191 1624 ’

151 1694 245 1761 vivus
269 1693 423 1759 surrexit!
652 1759 654 1764 ,

100 1797 150 1850 125
217 1783 356 1849 Possum
384 1786 530 1849 sescenta
557 1782 686 1848 decreta
712 1782 871 1868 proferre,
902 1783 937 1846 in
965 1783 1097 1867 quibus,
1125 1786 1158 1846 ut

152 1893 213 1958 ego
232 1893 299 1939 non
317 1871 430 1954 dicam,
452 1871 621 1957 pecuniam
639 1871 860 1937 intercessisse
873 1871 946 1955 ipsa
961 1871 1158 1936 decretorum

150 1961 281 2026 novitas
308 1961 527 2045 iniquitasque
555 1960 713 2044 declarat,
744 1981 871 2043 verum,
900 1962 937 2023 ut
965 1980 1005 2023 ex
1032 1981 1095 2024 uno
1122 1959 1187 2022 dea

152 2049 267 2113 ceteris
300 2049 519 2113 coniecturam
550 2047 656 2113 facere
687 2048 835 2133 possitis,
871 2046 904 2111 id
937 2048 1023 2132 quod
1054 2047 1157 2132 priore

98 2136 142 2202 48
153 2136 278 2200 actione
307 2135 477 2218 didicistis,
504 2136 621 2201 audite.
666 2133 700 2202 O.
724 2133 885 2220 Sulpicius
908 2132 1067 2221 Olympus
1089 2135 1156 2198 luit.

150 2222 185 2288 Is
207 2226 356 2288 mortuus
379 2227 430 2287 est
452 2221 487 2290 Ο.
510 2221 682 2289 Sacerdote
705 2227 865 2309 praetore,
888 2224 999 2290 neseio
1021 2246 1063 2288 an
1084 2227 1155 2287 aute

151 2332 250 2395 quam
272 2308 391 2375 Verres
418 2315 606 2396 praeturam
630 2315 741 2397 petere
763 2312 884 2397 coepit,
910 2311 989 2377 iecit
1011 2311 1155 2377 heredem
1189 2331 1190 2334 ¹

150 2397 193 2463 M.
235 2398 404 2464 Octavium
445 2399 608 2487 Ligurem.
670 2400 770 2486 Ligus
811 2399 1028 2466 hereditatem
1066 2399 1188 2479 odhra

151 2486 297 2572 possedit
326 2485 499 2553 Sacerdote
535 2491 686 2574 praetore
723 2488 792 2553 sine
828 2489 897 2552 ulla
933 2487 1155 2554 controversia.

149 2575 368 2659 Posteaquam
387 2573 505 2640 Verres
524 2577 755 2662 magistratum
773 2576 856 2658 iniit,
880 2597 918 2641 ex
936 2575 1042 2642 edicto
1056 2575 1154 2653 istius,

152 2663 238 2749 quod
261 2663 401 2728 edictum
425 2661 580 2729 Sacerdos
603 2686 669 2729 uon
691 2665 860 2747 habuerat,
885 2661 1009 2750 Sulpici
1031 2661 1153 2750 patroni

150 2753 220 2818 filia
261 2755 386 2817 sextam
425 2756 554 2837 partem
589 2753 780 2818 hereditatis
817 2753 858 2818 ab
895 2751 1016 2838 Ligure
1050 2755 1152 2837 petere

151 2841 267 2926 coepit.
321 2839 422 2926 Ligus
455 2861 521 2906 non
552 2841 672 2906 aderat.
727 2839 763 2905 L.
794 2840 897 2906 irater
929 2840 998 2905 eius
1030 2859 1151 2906 causam
1163 2847 1189 2892 ω’

151 2931 284 3014 agebat3
311 2929 445 2994 aderant
469 2928 577 3012 amici,
604 2929 786 3014 propinqui.
832 2928 970 2994 Dicebat
993 2928 1068 3011 iste,
1093 2925 1151 2990 nisi
1188 2905 1189 2969 l

150 3037 224 3080 oum
247 3018 381 3082 muliere
406 3017 617 3100 decideretur,
644 3017 679 3082 iu
701 3017 940 3102 possessionem
964 3038 998 3082 se
1029 3017 1074 3082 ire
1094 3013 1150 3078 ius·

151 3123 271 3168 surum.
311 3104 346 3169 L.
371 3104 496 3171 Gellius
525 3127 654 3170 oausam
681 3104 812 3191 Liguris
834 3104 1041 3189 defendebam
1070 3103 1149 3168 doce

150 3192 209 3256 bat
227 3191 367 3258 edictum
386 3194 455 3258 eius
473 3215 538 3259 non
552 3197 702 3279 oportere
716 3194 750 3257 in
764 3215 819 3260 eas
833 3191 1031 3259 hereditates
1044 3191 1148 3268 valere,

73 3335 76 3344 ,
151 3299 233 3359 quae
248 3282 323 3344 ante
338 3303 411 3344 eum
429 3285 613 3366 praetorem
630 3282 810 3365 venissent3
829 3282 857 3346 si
875 3281 937 3346 hoo
955 3286 1027 3347 tum
1045 3279 1147 3344 fuisset
1160 3287 1188 3352 ⁸⁵,

55 3386 60 3398 ¹
151 3360 304 3446 edietum,
330 3366 470 3430 fortasse
493 3365 647 3452 Ligurem
670 3369 884 3434 hereditatam
907 3369 1071 3434 aditurum
1091 3384 1146 3432 nou

149 3446 259 3509 fuisso.
295 3451 409 3532 Aequa
429 3455 619 3539 postulatio,
641 3474 769 3522 summa
790 3456 958 3522 hominum
982 3455 1146 3522 auotoritas

288 3810 311 3870 h.
