2404 3928
142 104 207 170 378
443 103 482 158 IN
501 104 530 159 C.
544 103 702 158 VERREM
720 103 800 158 Aca.
819 103 853 157 Π.

141 270 244 330 scere3
266 269 319 313 me
336 247 422 312 enim
439 248 571 312 tabulas
593 251 667 312 tuas
689 247 811 312 habere
834 251 868 312 et
890 247 1032 332 proferre
1052 270 1136 332 opor·

141 337 243 402 tebat.
281 335 403 402 Verum
425 357 528 421 negas
550 339 584 400 te
606 335 725 400 horum
748 357 908 402 annorum
931 336 1052 420 aliquot
1074 359 1137 400 eou-

141 426 265 491 fccisse.
306 423 460 508 Conponc
485 424 561 507 hoc,
588 423 674 508 quod
698 423 845 508 postulo,
873 423 913 488 de
936 429 1080 510 argento,
1105 424 1137 488 dc

141 515 269 598 reliquo
305 513 424 578 videro.
478 511 563 578 ‘Nee
599 511 756 596 scriptum
791 512 910 600 habeo
929 534 989 577 neo
1018 534 1139 596 possum

143 601 257 668 edere?
316 600 400 675 Quid
436 601 584 665 futurum
620 600 723 686 igitur
758 600 831 665 est?
872 600 951 684 quid
988 601 1158 666 existimas

143 692 241 756 hosce
267 689 389 754 iudices
416 688 523 753 facere
549 689 667 772 posse?
710 687 834 752 Domus
862 689 962 773 plena
986 689 1140 776 signorum

142 777 435 864 pulcherrimorum
452 777 520 842 iam
543 781 619 842 ante
640 780 841 861 praeturam,
865 778 972 842 multa
995 777 1035 842 ad
1055 777 1140 843 villas

142 872 218 932 tuas
239 867 364 950 posita,
385 865 491 932 multa
513 865 662 949 deposita
685 865 771 948 apud
793 864 930 949 amicos,
953 866 1057 930 multa
1078 865 1140 930 aliis

143 955 221 1020 data
246 959 344 1039 atque
367 954 501 1036 donata3
527 954 660 1018 tabulae
682 953 809 1017 nullum
831 953 978 1018 indicant
1001 958 1141 1038 emptum

143 1043 247 1108 Omne
266 1047 438 1130 argentum
457 1042 605 1107 ablatum
623 1063 662 1105 ex
680 1038 791 1106 Sicilia
810 1043 871 1124 est,
892 1041 977 1106 nihil
996 1043 1169 1126 cuiquam

144 1133 232 1217 qnod
263 1154 358 1198 suum
385 1131 447 1196 dici
474 1131 587 1213 vellat,
619 1129 776 1194 relictum.
824 1127 980 1214 Fingitnr
1006 1131 1143 1215 improba

144 1220 299 1304 defensio,
315 1223 499 1305 praetorem
514 1239 609 1284 omne
623 1218 656 1282 id
669 1221 841 1303 argentum
854 1217 1028 1302 coemisse3
1044 1223 1143 1284 tamen

143 1309 312 1392 idipsum
338 1307 461 1372 tabulis
493 1306 709 1372 demonstrari
734 1326 802 1371 non
827 1309 948 1390 potest.
994 1305 1043 1391 Si,
1074 1327 1143 1391 quas

143 1396 273 1461 tabulas
292 1395 428 1480 profers,
450 1395 485 1459 in
503 1396 564 1477 his,
587 1416 669 1478 quae
685 1393 797 1478 habes,
819 1394 1001 1477 quomodo
1024 1395 1144 1476 habeas

144 1484 301 1567 scriptum
328 1504 394 1547 non
421 1487 484 1565 est,
515 1482 632 1548 horum
659 1485 769 1546 antam
794 1486 995 1567 temporum,
1022 1506 1094 1550 cum
1116 1488 1171 1546 te1⁵

143 1571 302 1656 plurimas
321 1592 373 1636 res
392 1571 508 1636 emisse
527 1571 616 1653 diois,
638 1570 769 1636 tabulas
792 1571 926 1636 omnino
948 1573 1060 1638 nullas
1080 1593 1142 1657 pro

143 1660 219 1743 fers,
241 1663 399 1725 nannete
417 1662 451 1722 et
471 1659 609 1743 prolatis
629 1661 662 1724 et
683 1679 750 1723 non
771 1659 911 1742 prolatis
934 1660 1061 1726 tabulis
1082 1682 1143 1726 eon·

94 1790 134 1853 17
146 1748 292 1814 demnari
313 1768 443 1814 neeesse
466 1748 538 1812 est?

92 1869 126 1918 3⁷
212 1837 261 1902 Tu
289 1859 309 1901 a
334 1836 379 1900 M.
398 1834 523 1918 Coelio,
551 1834 658 1920 equite
682 1834 844 1916 Romano,
870 1834 1053 1902 lectissimo
1080 1835 1143 1902 adu·

144 1926 295 2007 lescente,
313 1945 396 2008 quae
413 1924 556 2007 voluisti,
572 1922 721 2006 Lilybaei
739 1921 916 2006 abstulisti,
931 1927 969 1986 tu
984 1922 1019 1990 0.
1029 1923 1173 2005 canna

144 2012 290 2098 prompti
315 2010 457 2077 hominis
480 2015 513 2076 et
539 2010 733 2096 experientis
757 2010 846 2075 etin
867 2011 984 2094 primis
1008 2011 1143 2098 gratiosi

145 2099 380 2184 supellectilem
407 2119 535 2163 omnem
557 2097 686 2163 auferre
706 2120 773 2164 non
794 2098 966 2184 dubitasti,
995 2105 1033 2165 tu
1057 2100 1143 2166 maxi·

143 2209 230 2251 mam
259 2189 292 2249 et
318 2185 570 2270 pulcherrimam
594 2208 741 2252 mensam
764 2187 898 2252 citream
921 2209 942 2252 a
965 2187 1003 2264 Q.
1020 2188 1142 2254 Lutatio

143 2274 302 2358 Diodoro,
333 2273 389 2357 qui
420 2273 458 2350 Q.
485 2272 595 2339 Catuli
626 2275 782 2340 beneficio
814 2276 855 2341 ab
886 2274 922 2340 L.
949 2274 1044 2342 Sulla
1074 2276 1142 2341 civis

143 2363 310 2430 Romanus
328 2361 436 2428 factus
456 2367 516 2445 est,
542 2363 691 2428 omnibus
715 2362 891 2428 scientibus
908 2363 1061 2448 Lilybaei
1082 2365 1170 2428 abs-²⁵

143 2452 260 2519 tulisti
300 2449 377 2516 Non
397 2451 461 2515 tibi
483 2451 602 2535 obicio,
625 2451 711 2535 quod
733 2451 898 2516 hominem
924 2452 1141 2538 dignissimum

143 2543 210 2606 tuis
238 2539 397 2623 moribus,
427 2539 654 2625 Apollonium,
682 2538 818 2604 Niconis
844 2540 962 2624 filium,
993 2539 1141 2626 Drepani·

142 2635 273 2710 tanum,
303 2628 360 2712 qui
385 2649 471 2694 nuno
497 2626 537 2693 A.
560 2625 691 2693 Clodius
718 2632 866 2711 vocatur,
898 2628 988 2692 omni
1016 2632 1140 2716 argento

144 2719 267 2804 optime
289 2716 376 2782 facto
400 2715 550 2801 spoliasti
572 2737 611 2780 ac
633 2715 840 2800 depeculatus
863 2736 911 2800 es3
933 2721 1036 2784 taceo.
1076 2715 1141 2782 Non

144 2807 231 2872 enim
253 2810 349 2890 putat
370 2805 427 2869 ille
449 2804 513 2870 sibi
534 2803 687 2869 iniuriam
708 2803 844 2886 factam,
867 2809 1043 2889 propterea
1065 2802 1170 2889 quodtl

144 2894 270 2961 homini
298 2895 365 2960 iam
392 2893 521 2978 perdito
549 2895 582 2956 et
608 2892 729 2957 collum
756 2891 791 2954 in
818 2892 970 2976 laqueum
998 2889 1141 2960 inserenti

145 2982 338 3065 subvenisti,
376 3004 449 3048 cum
484 2979 618 3065 pupillis
654 2979 885 3065 Drepanitanis
921 2981 1010 3046 bona
1044 2979 1141 3066 patria

145 3075 257 3153 erepta
287 3092 361 3135 cum
389 3069 448 3135 illo
475 3069 616 3154 partitus
644 3091 691 3152 es3
724 3068 848 3153 gaudeo
876 3068 990 3154 etiam,
1022 3065 1140 3153 siquid

145 3155 186 3219 ab
214 3178 252 3222 eo
280 3158 459 3242 abstulisti,
487 3161 520 3222 et
547 3157 606 3223 abs
631 3160 665 3221 te
687 3156 770 3220 nibil
792 3157 911 3223 rectius
933 3157 1057 3224 factum
1078 3175 1139 3220 esse

145 3241 225 3306 dico.
270 3243 323 3308 Ab
350 3245 478 3328 Lysone
509 3266 587 3311 vero
613 3244 842 3329 Lilybaetano,
872 3245 980 3330 primo
1012 3245 1169 3322 homine‚³⁵

145 3328 231 3409 apud
258 3349 354 3408 quem
380 3332 567 3398 deversatus
591 3354 639 3415 es,
662 3332 826 3417 Apollinis
850 3333 981 3419 signum
1004 3335 1138 3400 ablatum

144 3415 230 3475 certe
257 3432 323 3476 non
350 3420 504 3498 oportuit,
553 3419 650 3486 Dices
678 3425 712 3486 te
739 3420 865 3486 emisse.
910 3417 1077 3528 SciopHS
1096 3437 1138 3480 σο-
