2404 3928
162 161 229 260 3ἵο
466 157 507 212 IN
525 157 554 214 Ο.
569 155 726 213 VERREM
743 149 822 212 AOT.
842 157 875 211 Π.

160 303 307 389 turipina
329 303 475 387 civitate,
499 324 519 367 a
541 299 720 385 Catinensi,
743 303 785 366 ab
808 299 996 382 Halaesina,
1018 300 1153 386 Tyndari·

162 395 255 477 tana,
285 390 467 474 Hennensi,
494 389 691 476 Agyrinensi
723 389 904 473 ceterisque
936 387 1063 454 Siciliae
1092 388 1153 454 oiri·

163 481 288 546 tatibus
301 478 526 546 circumveniri
540 482 637 562 atque
651 477 793 562 opprimi
807 477 911 543 diois?
934 476 1006 542 Tua
1018 482 1051 542 te
1067 478 1155 542 altera

163 565 281 655 patria,
295 589 390 652 quem
403 567 588 632 admodum
603 565 708 630 disere
722 566 862 650 solebas,
874 564 1027 630 Messana
1041 566 1156 630 oiroum·

163 658 261 740 vonit,
278 660 344 740 tua,
362 656 505 740 inquam,
522 654 681 738 Messana,
699 657 832 719 tuorum
847 653 990 718 adiutrix
1007 654 1175 736 saelemuat

163 745 334 809 libidinum
369 743 479 827 testis,
514 742 708 828 praedarum
739 763 777 807 aa
808 741 973 808 fmtorum
1004 743 1157 827 receptrix.

163 832 267 897 Adest
303 831 390 896 enim
420 831 471 896 vir
507 830 728 915 amplissimus
764 831 833 895 eius
865 830 1012 896 civitatis
1045 833 1157 916 legatus

163 920 258 986 buius
277 917 387 985 indicii
410 939 508 984 eausa
530 918 625 983 domo
648 918 777 1002 missus,
799 918 951 1003 princeps
974 918 1157 984 laudationis

164 1012 249 1092 tuae,
272 1008 327 1093 qui
345 1012 378 1073 te
396 1007 526 1093 publiea
544 1006 669 1090 laudat,
692 1007 740 1071 ita
759 1007 845 1071 euim
863 1007 1057 1072 mandatum
1077 1012 1158 1090 alque

163 1097 360 1182 imperatum
392 1099 455 1180 est,
486 1095 619 1180 tametsi
649 1097 785 1180 rogatus
818 1094 857 1159 de
884 1094 1024 1179 cybaea,
1055 1095 1185 1160 tenelius

165 1185 330 1270 memoria,
353 1184 429 1270 quid
447 1183 663 1268 responderit:
686 1182 888 1248 aedificatam
906 1183 1049 1268 publicis
1068 1183 1159 1268 operis

164 1274 293 1358 publice
307 1273 437 1355 aoaotis,
456 1273 548 1355 eique
567 1270 782 1336 aedificandae
799 1271 929 1356 publice
942 1269 1160 1336 Mamertinum

166 1365 348 1426 senatorem
370 1360 558 1446 praefuisse.
597 1359 688 1425 Idem
711 1360 752 1424 ad
774 1380 833 1424 vos
855 1359 1022 1444 privatim,
1044 1360 1159 1440 iudices,

165 1448 326 1534 confugit3
347 1449 452 1513 utitur
472 1448 535 1514 baa
556 1448 642 1534 lege,
665 1469 729 1531 qua
750 1447 905 1513 iuditium
928 1453 989 1532 est,
1011 1445 1159 1514 eommuni

166 1557 238 1601 arce
253 1535 422 1601 sociorum.
454 1535 598 1601 Tametsi
616 1536 668 1600 lex
686 1540 737 1600 est
755 1535 794 1600 de
812 1535 958 1620 pecuniis
976 1536 1186 1622 repetamus

164 1625 221 1689 ille
249 1645 283 1689 so
310 1628 411 1710 negat
437 1624 606 1708 pecuniam
630 1628 790 1709 repetere,
804 1633 915 1707 'quam
939 1629 1086 1710 ereptam
1105 1645 1159 1688 non

165 1717 258 1779 tanto
275 1734 373 1798 opere
391 1713 565 1795 desiderat3
589 1733 680 1777 saara
699 1733 733 1778 se
751 1712 913 1777 maiorum
932 1733 1067 1778 suorum
1084 1733 1158 1796 repe

165 1805 234 1867 tere
267 1803 325 1867 abs
356 1805 390 1866 ta
422 1801 511 1885 dioit3
544 1800 621 1866 deos
651 1800 780 1885 penatis
809 1804 842 1864 te
869 1801 996 1886 patrios
1024 1799 1158 1887 reposcit.

114 1901 147 1951 18
165 1889 270 1974 Ecqui
287 1890 392 1975 pudor
409 1892 469 1974 est,
491 1909 610 1972 aequae
629 1889 755 1974 religio,
777 1887 906 1973 Verres,
929 1888 1024 1974 aequi
1045 1887 1158 1954 metus?
1188 1870 1189 1933 l

165 1976 335 2042 Habitasti
364 1978 450 2062 apud
476 1976 595 2042 Heium
621 1976 804 2061 Messanae,
835 1997 887 2042 res
920 1977 1017 2042 illum
1048 1978 1187 2043 divinar

167 2064 253 2148 apud
274 2087 328 2130 eos
352 2065 428 2130 deos
451 2065 486 2128 in
508 2085 567 2129 suo
591 2065 732 2130 sacrario
755 2087 856 2150 prope
879 2065 1044 2131 cotidiano
1066 2067 1158 2131 faeere

166 2151 290 2236 vidisti3
320 2172 387 2216 non
417 2155 568 2216 mouetur
598 2154 749 2237 pecunia,
783 2153 933 2237 denique,
966 2175 1050 2238 quae
1080 2175 1158 2219 orna·
1187 2187 1188 2253 l

166 2238 268 2302 menti
295 2259 393 2304 causa
418 2239 562 2322 fuerunt,
593 2261 660 2305 non
686 2241 836 2325 requirit3
867 2242 930 2306 tibi
956 2242 1043 2307 habe
1069 2242 1157 2308 Cane

165 2326 300 2412 phoros,
328 2327 461 2392 deorum
488 2327 662 2394 simulacra
686 2330 829 2395 restitue.
869 2328 959 2407 Quae
983 2331 1060 2414 quia
1081 2328 1157 2410 dixit,

167 2415 244 2500 quia
256 2419 402 2501 tempore
420 2416 496 2482 dato
516 2417 661 2482 modeste
680 2418 765 2502 apud
782 2438 841 2482 vos
860 2418 966 2483 soaius
985 2420 1156 2502 amicusque
1166 2425 1187 2469 ἦ

166 2505 280 2590 populi
301 2505 441 2570 Romani
468 2507 601 2589 quesbus
628 2508 692 2589 est,
720 2505 795 2589 quia
822 2505 975 2591 religioni
1002 2528 1079 2572 suae
1102 2526 1156 2571 non
1186 2545 1187 2571 r

167 2593 263 2658 modo
294 2593 329 2658 in
360 2592 410 2656 dis
441 2593 558 2678 patriis
589 2594 785 2678 repetendis,
818 2594 873 2659 sed
905 2594 1008 2660 etiam
1036 2595 1156 2678 inipso

166 2680 354 2747 testimonio
383 2703 420 2745 ao
446 2681 516 2745 iure
542 2681 678 2746 iurando
704 2681 871 2766 proximus
897 2681 974 2765 ibit,
1006 2682 1156 2749 bominem

166 2770 303 2835 missum
317 2769 358 2834 ab
372 2769 437 2834 isto
452 2769 568 2834 soitote
582 2790 652 2834 esse
665 2769 847 2834 Messanam
867 2770 906 2834 de
924 2771 1045 2857 legatis
1062 2791 1156 2850 uuum,

166 2858 259 2923 illum
296 2857 418 2942 ipsum,
456 2857 519 2941 qni-
548 2857 625 2922 navi
659 2857 754 2922 istius
793 2857 1009 2924 aedificandae
1043 2851 1186 2944 publices

165 2945 320 3047 praefuit,
350 2945 406 3031 qui
432 2967 452 3009 a
479 2948 594 3010 senatu
620 2949 758 3032 peteret,
787 2950 825 3011 ut
851 2944 953 3011 Heius
981 2947 1156 3014 adficeretur

127 3055 355 3154 9rgnommra.
482 3120 488 3134 Ι
529 3121 535 3134 ⁸
681 3121 688 3134 .
853 3123 860 3136 ι
923 3123 930 3138 ⁸

114 3166 148 3215 ¹⁹
167 3120 609 3290 asflllldlilll'lll
633 3121 712 3274 tl
722 3123 1155 3295 fillllffllualllillffi
1184 3197 1185 3200 ψ

167 3294 235 3356 eius
253 3295 437 3392 baberetur,
458 3297 657 3382 ignorabas?
688 3297 810 3363 Verum
827 3298 880 3364 fao
897 3303 931 3364 te
947 3301 1182 3386 inpetravisse,³⁵

166 3377 219 3439 fao
247 3379 370 3459 ahquid
397 3383 528 3466 gravius
556 3384 591 3447 in
616 3382 736 3450 Heium
764 3387 918 3452 statuisse
944 3388 1154 3466 Mamertinos

168 3482 265 3542 quam
292 3467 388 3544 putas
411 3471 639 3536 auotoritatem
663 3472 859 3538 laudationis
883 3495 995 3540 eorum
1018 3477 1153 3554 futuram,
