2422 3952
158 187 199 251 26
421 184 493 242 PRO
511 185 541 240 P.
563 182 735 250 QUINOTIO
755 180 897 237 ORATIO.
951 203 960 216 =
1199 252 1200 332 ,

105 344 139 396 ao
157 330 318 396 ficiuntur.
362 327 390 395 0
418 351 487 394 reru
513 327 749 392 incredibilem!
777 348 797 391 o
825 324 1040 410 cupiditatem
1060 324 1160 390 incon·
1199 335 1200 386 1

158 419 345 484 siderataml
374 440 393 483 o
416 415 567 482 nuntium
588 415 764 480 volucrem!
796 412 995 479 Administri
1018 416 1051 478 et
1073 412 1162 476 satel-

157 507 233 573 lites
252 505 322 572 Sex.
336 504 441 571 Naevi
459 504 564 568 Roma
581 507 674 568 trans
689 502 791 587 Alpes
811 501 847 565 in
865 499 1047 586 Sebagiuos
1071 499 1161 566 biduo

157 596 300 662 veniunt.
277 593 354 660 tO
369 592 534 658 hominem
547 590 760 675 fortunatum,
778 588 834 675 qui
847 589 916 655 eius
931 589 1023 655 modi
1035 588 1162 654 nuntios

159 705 215 749 seu
238 686 296 768 pot
296 682 346 746 ius
368 680 513 767 Pegasos
535 678 669 745 habeat!
1174 695 1201 738 ι

106 775 148 840 26
224 770 287 835 Ηιο
310 790 386 870 ego,
409 769 437 832 si
457 765 568 833 Crassi
591 788 702 832 omnes
726 787 799 832 oum
821 766 891 830 Ant
876 765 977 831 toniis
1000 765 1201 846 exsistant,

159 859 188 924 si
205 863 252 936 tu,
269 856 304 922 L.
317 855 478 942 philippe,
497 855 553 940 qui
570 855 655 919 inter
671 855 748 921 illos
766 854 915 938 florebas,
933 854 1020 919 hanc
1038 874 1162 954 causam

159 907 252 1012 voles,
276 967 349 1010 oum
372 943 549 1009 Hortensio
577 943 695 1026 dicere,
722 947 833 1008 tamen
860 941 1010 1027 superior
1033 940 1095 1006 sim
1116 961 1164 1005 nc-

160 1038 330 1118 oesseest3
352 1032 537 1117 nonenim,
560 1052 656 1115 quem
680 993 720 1095 dd
742 1030 874 1095 modum
896 1029 1039 1114 putatis,
1062 1028 1164 1094 omnia

160 1123 267 1188 sunt
258 1144 292 1187 ιιι
316 1120 514 1205 eloquentia,
539 1123 591 1184 est
614 1118 772 1203 quaedam
794 1122 904 1183 tamen
927 1116 976 1182 ita
997 1117 1202 1204 perspicuam¹

107 1221 139 1272 ar
159 1210 291 1293 veritas,
313 1214 351 1274 ut
372 1231 444 1275 eam
464 1208 630 1273 infirmare
651 1207 743 1272 nulla
764 1227 817 1270 res
838 1205 954 1291 possit.
995 1205 1062 1306 An,
1083 1209 1164 1270 ante
1201 1213 1202 1278 j

160 1319 259 1383 quam
276 1297 462 1384 postulasti,
481 1301 518 1361 ut
536 1297 623 1361 bona
640 1295 832 1380 possideres,
857 1293 987 1376 misisti,
1006 1293 1065 1377 qui
1082 1314 1165 1358 cura·

159 1390 219 1470 ret,
242 1389 279 1450 ut
297 1385 446 1450 dominus
469 1382 508 1447 do
531 1405 590 1448 suo
613 1382 713 1448 fundo
737 1405 758 1448 a
780 1404 839 1447 sua
860 1343 1043 1447 familiai
1010 1405 1046 1446 ιι
1069 1380 1165 1446 deice-

159 1437 315 1539 retbrlU
317 1471 487 1536 trumlibet
473 1471 596 1555 telige3
606 1471 746 1536 alterum
755 1470 1005 1535 incredibileest
1006 1470 1166 1553 ,alterum

159 1560 332 1642 nefarium,
362 1563 395 1623 et
423 1562 498 1623 ante
529 1557 592 1622 hoo
621 1561 750 1644 tempus
776 1562 950 1642 utrumque
977 1519 1166 1623 inauditam.
1178 1549 1203 1636 u]

160 1647 200 1714 Se
202 1610 373 1734 ptingedta
403 1646 496 1711 milia
505 1666 700 1797 passuum
711 1646 760 1712 vis
788 1667 859 1710 esse
886 1646 1022 1712 decursa
1049 1644 1166 1710 biduo?
1202 1663 1203 1724 j

160 1737 219 1802 dio
241 1734 374 1823 Negas?
403 1733 512 1799 ante
502 1734 565 1819 ugit
566 1756 605 1798 ur
627 1734 756 1800 misisti.
736 1733 900 1818 1Malo3
927 1733 1067 1798 sienim
1090 1731 1167 1798 illud

159 1826 294 1910 diceres,
316 1823 463 1908 improbe
482 1821 614 1887 mentiri
635 1822 792 1905 viderero3
814 1843 888 1887 cum
910 1822 973 1887 hoo
996 1821 1167 1902 confiteris,

159 1914 193 1978 id
219 1919 252 1979 te
281 1912 449 1980 admisisse
477 1910 637 1993 concedis,
665 1911 750 1995 quod
776 1931 817 1975 ne
845 1909 1013 1975 mendacio
1040 1870 1167 2011 quideni
1203 1986 1204 1996 χ

93 2082 95 2087 ,
159 2007 270 2088 tegere
293 2001 409 2085 possis.
449 1998 522 2064 Hoc
544 1997 715 2064 consilium
729 1997 862 2082 Aquilio
887 2001 920 2063 et
942 1996 1068 2064 talibus
1092 1996 1204 2082 uiriswss

159 2093 230 2153 tam
244 2110 304 2171 cup
305 2087 404 2168 idum,
422 2090 492 2151 tam
508 2085 654 2168 auderat
639 2089 708 2150 tam
726 2086 936 2152 temerarium
953 2085 1167 2170 probabitur?
1203 2109 1204 2170 j

107 2183 141 2234 ει
161 2175 244 2250 Ouid
270 2111 351 2238 hbeo
378 2136 532 2257 absentia,
565 2136 643 2257 quid
668 2174 748 2240 haec
774 2173 840 2238 fest
825 2174 957 2257 binatio,
985 2174 1066 2257 quid
1092 2174 1169 2238 hsce

159 2261 379 2327 immaturitas
410 2263 504 2325 tauta
536 2259 721 2346 significat?
752 2283 819 2327 non
846 2261 928 2347 vim,
958 2283 1027 2327 non
1057 2262 1169 2342 scelus,

159 2370 226 2414 nou
259 2348 480 2432 latrocinium,
514 2369 581 2414 non
615 2349 751 2433 denique
785 2350 895 2415 omnia
928 2349 1039 2434 potius
1073 2371 1169 2434 quam

159 2438 224 2522 iuS,
252 2449 349 2521 quam
380 2435 537 2519 officium,
569 2458 668 2520 quam
695 2436 873 2521 pudorem?
909 2436 1016 2502 Mittis
1044 2437 1199 2503 iniussus

158 2529 252 2610 praet
238 2523 328 2589 t.0ris
377 2522 448 2599 Ouo
480 2523 638 2590 consilio?
682 2523 850 2590 Iussurum
883 2525 1018 2592 sciebas.
1065 2525 1168 2602 Quid?

160 2635 234 2679 oum
260 2611 423 2694 iussisset,
449 2615 521 2676 tum
548 2611 678 2677 mittere
699 2632 806 2677 nonne
829 2613 984 2697 ptoeras?
1021 2613 1169 2680 Postula·

159 2707 252 2767 turus
282 2721 362 2765 eras.
408 2697 580 2774 Quando?
596 2699 676 2765 Post
703 2699 771 2764 dies
798 2718 882 2766 xxx
926 2700 1055 2787 Nempe
1083 2703 1114 2767 si
1139 2704 1169 2764 te

158 2789 242 2854 nihil
260 2787 441 2874 impediret,
462 2808 491 2851 οι
481 2786 661 2852 voluntas
679 2786 792 2853 cadem
810 2792 967 2873 maneret,
989 2789 1018 2854 si
1012 2725 1169 2870 valeres,

160 2876 342 2962 denique
316 2898 345 2941 οι
362 2876 495 2941 viveres.
536 2873 673 2940 Praetor
691 2875 816 2941 scilicet
837 2839 996 2942 iussissbt.
1037 2877 1169 2963 Opinor,
1180 2891 1201 2933 ιι

160 2965 188 3028 si
210 2966 319 3048 vellet,
343 2965 371 3029 si
393 2964 525 3044 valeret,
548 2962 577 3026 si
598 2962 649 3026 ius
673 2962 851 3046 diceret,
826 2985 854 3027 ει
876 2986 972 3031 ιιιιιιιο
996 2967 1169 3046 recusaret,

160 3052 217 3134 qui
244 3052 407 3136 exipsius
431 3049 615 3114 decretoet
600 3050 719 3114 taatis
742 3051 835 3116 daret
857 3054 891 3116 et
912 3052 1070 3118 iudicium
1093 3052 1170 3118 acci·

107 3157 140 3207 sa
158 3159 235 3221 pere
262 3139 370 3203 ιοιιοι.
414 3135 515 3220 Nam,
541 3157 600 3220 per
627 3137 703 3203 deos
731 3138 948 3205 immortales!
981 3140 1011 3205 si
1033 3140 1170 3206 Alfenus

158 3224 402 3310 procuratorP.
417 3223 548 3299 Quincti
565 3225 628 3289 tibi
645 3229 717 3289 tum
739 3226 820 3290 satis
844 3226 937 3292 daret
960 3232 994 3293 et
1016 3229 1170 3294 iudicium

159 3313 302 3397 accipere
321 3312 429 3390 vellet,
449 3312 584 3396 denique
604 3312 721 3395 omnia,
745 3333 826 3396 quae
844 3316 1042 3400 postulares,
1063 3316 1203 3382 faceres

157 3399 324 3481 voluisset,
343 3397 420 3481 quid
433 3399 569 3482 ageres?
588 3420 756 3466 revocares
770 3422 843 3465 eum
843 3423 963 3486 ,quem
977 3404 1014 3468 in
1027 3403 1169 3469 Galliam

159 3486 317 3550 miseras?
353 3483 400 3548 At
418 3484 471 3548 hio
490 3485 651 3568 quidem
641 3509 708 3552 ram
731 3488 770 3554 dc
792 3451 892 3554 lurido
915 3491 1114 3578 expulsus,'
1104 3512 1170 3556 ram
