2386 3938
178 194 241 259 112
418 191 458 246 IN
476 191 508 258 Q.
527 189 725 246 caucason
741 188 942 246 DIVINATIO.

174 339 264 403 tione
285 336 436 404 omnium
463 340 498 402 et
523 335 747 421 magnitudine
773 355 883 400 rerum
909 333 1043 420 dignum
1071 333 1172 416 eloqui

123 440 157 490 43
176 427 308 511 possim.
353 424 403 490 Tu
424 424 540 490 horum
562 424 646 488 nihil
668 423 799 508 metuis,
826 422 907 487 nihil
934 421 1073 508 cogitas,
1096 420 1173 485 nihili

60 573 64 582 .
176 515 307 580 laboras
321 518 364 597 et,
377 513 406 578 si
420 513 496 597 quid
510 515 672 577 exuetere
686 511 796 596 aliqua
809 511 968 576 oratione:
985 509 1106 576 ‘Iovem
1117 531 1163 594 ego

176 604 337 687 optimum
364 599 553 666 maximum’
581 604 653 666 aut:
682 598 835 682 ‘Vellem,
863 599 892 664 si
917 598 987 663 fieri
1015 599 1165 683 potuisset,

176 690 319 774 iudices’,
341 694 399 754 aut
421 689 543 772 aliquid
567 689 637 754 eius
654 688 742 754 modi
760 687 900 752 ediscere
917 687 1074 771 potueris,
1094 708 1166 771 prae

177 781 264 845 clare
290 783 324 842 te
351 781 502 862 paratum
533 777 569 840 in
599 777 752 842 iudicium
781 779 954 840 vaunnam
992 773 1167 840 arbitraris?

123 869 180 936 (4⁴)
198 866 247 932 Ac
269 866 299 930 si
320 866 383 930 tibi
400 885 495 930 nemo
513 885 727 950 responsurus
745 868 841 949 esset,
862 867 973 930 tamen
990 864 1096 948 ipsam
1112 885 1174 928 cau·¹

124 971 160 1020 44
177 975 262 1037 sam,
288 957 326 1019 ut
355 974 416 1040 ego
440 952 595 1036 arbitror,
622 953 844 1018 demonstrare
865 973 931 1016 non
951 973 1082 1036 posses,
1101 971 1166 1014 nunc

176 1063 218 1108 ne
239 1042 323 1108 illud
345 1042 475 1127 quidem
495 1041 630 1126 cogitas,
652 1041 715 1106 tibi
732 1062 805 1107 cum
822 1039 954 1106 homine
972 1040 1165 1105 disertnnm

177 1135 211 1196 et
238 1131 280 1197 ad
307 1130 475 1197 dicendam
502 1129 711 1214 paratissimo
736 1129 882 1194 futurum
911 1149 983 1194 esse
1016 1132 1167 1206 certamen,

177 1220 308 1304 quicum
334 1218 430 1284 modo
458 1216 693 1301 disserendum,
725 1217 822 1282 modo
853 1216 942 1282 omni
972 1217 1100 1282 ratione
1125 1237 1166 1300 pu·

178 1308 344 1393 gnandum
372 1306 622 1390 certandumque
651 1305 717 1370 sit?
748 1305 838 1370 euius
865 1325 927 1390 ego
948 1305 1116 1390 ingenium
1132 1304 1167 1365 ita

177 1396 290 1478 laudo,
315 1399 354 1460 ut
378 1415 443 1458 non
466 1393 706 1478 pertimescam,
733 1393 781 1458 ita
803 1393 920 1477 probo,
948 1397 986 1457 ut
1009 1413 1064 1458 me
1084 1392 1121 1458 ab
1140 1411 1166 1454 eo

179 1483 334 1548 delectari
354 1481 483 1547 facilius
506 1503 604 1565 quam
627 1481 732 1565 decipi
753 1485 864 1566 putem
885 1501 991 1565 posse.

126 1561 170 1624 14
245 1569 433 1653 Numquam
451 1569 508 1633 ille
522 1589 574 1634 me
587 1569 751 1654 opprimet
763 1567 909 1652 consilio,
925 1590 1104 1654 numquam
1115 1566 1167 1632 ullo

178 1657 316 1724 artificio
328 1659 503 1743 pervertet,
514 1678 693 1741 numquam
705 1657 838 1743 ingenio
851 1678 903 1722 ma
918 1677 977 1722 suo
988 1656 1168 1724 labefactare

179 1751 277 1831 atque
290 1747 456 1812 infirmare
470 1745 655 1829 conabitur3
671 1746 749 1811 novi
766 1766 878 1811 omnes
896 1744 1043 1810 hominis
1061 1743 1169 1830 petitio

177 1857 236 1900 nes
253 1835 461 1918 rationesque
479 1833 619 1917 dicendi3
642 1853 739 1919 saepe
756 1834 791 1898 in
807 1831 920 1916 isdem,
942 1855 1044 1919 saepe
1060 1834 1095 1898 in
1113 1852 1169 1897 eon

178 1924 290 1990 trariis
313 1923 419 1990 causis
441 1921 563 1988 versati
585 1942 710 2004 samus3
732 1922 781 1988 ita
803 1925 916 1988 eontra
938 1942 991 1987 me
1015 1922 1074 1987 ille
1095 1921 1170 1998 dicet,

179 2011 328 2096 quamvis
351 2012 395 2076 sit
417 2010 619 2095 ingeniosus,
645 2013 684 2074 ut
706 2030 772 2074 non
793 2010 920 2075 nullum
942 2010 1046 2075 etiam
1068 2009 1105 2074 de
1124 2026 1168 2071 suo

126 2099 311 2184 reingerio
337 2098 491 2164 iudicium
522 2098 594 2162 fieri
625 2097 811 2162 arbitretur.
855 2096 902 2162 Te
932 2119 1028 2182 vero,
1060 2094 1169 2176 Caecili,

180 2185 348 2270 quemad
379 2184 511 2250 modum
543 2185 588 2250 sit
619 2185 781 2269 elusurus,
810 2207 908 2269 quam
939 2188 1034 2251 omni
1064 2186 1169 2252 ratione

178 2275 367 2357 iactaturus,
388 2271 496 2336 videre
518 2272 585 2338 iam
606 2273 733 2356 videor;
755 2273 904 2357 quotiens
926 2273 985 2338 ille
1007 2275 1074 2340 tibi
1099 2276 1170 2358 pote

180 2363 300 2426 statem
331 2361 560 2446 optionemque
591 2360 737 2427 facturus
768 2361 826 2445 sit,
856 2365 894 2426 ut
924 2362 1047 2447 eligas,
1079 2366 1170 2426 utrum

178 2448 270 2532 velis,
287 2447 411 2514 factum
428 2470 499 2514 esse
515 2470 624 2532 neone,
641 2471 754 2516 varum
772 2471 843 2515 esse
861 2471 903 2514 an
919 2449 1058 2534 falsum3
1079 2453 1171 2514 utram

180 2536 308 2620 dixeris,
329 2536 365 2601 id
386 2540 500 2602 contra
520 2541 555 2600 te
571 2535 727 2602 futurum.
763 2535 826 2612 Qui
842 2537 904 2602 tibi
923 2542 1045 2623 aestus,
1068 2537 1121 2622 qui
1135 2555 1171 2598 er·

179 2625 519 2788 ttreuttttt‘i
529 2624 1172 2782 ttttddtffitdffdtt

180 2801 323 2886 eoeperit
340 2805 374 2866 et
391 2801 427 2865 in
445 2799 556 2886 digitis
580 2800 647 2864 suis
671 2800 818 2887 singulas
841 2805 951 2885 partes
973 2824 1092 2868 causae
1112 2819 1171 2866 oon·

180 2889 338 2955 stituere‘?
366 2888 465 2974 quid?
494 2910 567 2953 cum
589 2909 688 2954 unum
712 2889 852 2972 quidque
873 2891 1072 2976 transigere,
1093 2907 1172 2971 erpe-

180 2976 262 3061 dire,
292 2976 483 3042 absolvere?
525 2974 601 3061 Ipse
627 2976 774 3059 profecto
802 2981 945 3042 metuere
970 2979 1118 3064 incipies,
1139 2993 1172 3037 ne

127 3074 162 3123 re
179 3063 344 3128 innocenti
365 3064 544 3150 periculum
565 3063 757 3130 facessieris.
795 3063 902 3140 Quid?
925 3087 1000 3131 cum
1022 3063 1172 3133 commis&

180 3150 261 3232 rari,
288 3151 441 3235 conqueri
468 3155 502 3217 et
529 3173 567 3216 ex
593 3151 684 3218 illias
711 3151 834 3218 invidia
860 3154 1036 3220 deonerare
1064 3145 1172 3236 aliquid

181 3240 214 3300 et
227 3236 263 3299 in
275 3240 309 3302 te
322 3239 458 3304 traicere
473 3239 624 3323 eoeperit,
643 3262 896 3307 commemorare
911 3243 1094 3326 quaestoris
1111 3257 1172 3304 cum

180 3326 330 3406 praetore
361 3327 630 3392 necessitudinem
662 3329 875 3394 constitutam
901 3351 992 3395 more
1019 3330 1171 3404 maiorum,

181 3409 279 3474 sortis
311 3411 481 3495 religione,
513 3415 678 3496 poterisne
709 3417 777 3481 eius
810 3417 967 3482 orationis
1000 3419 1107 3484 subire
1134 3415 1173 3477 in·

181 3494 323 3560 vidiam?
366 3495 449 3561 Vide
479 3501 589 3583 modo,
621 3503 721 3567 etiam
753 3507 850 3588 atque
882 3505 981 3571 etiam
1010 3504 1174 3572 coundera
