2392 3944
301 172 368 228 ula.
388 172 415 228 11
451 165 760 240 cAP.a'-ssr-1e.
964 173 1030 240 203

47 315 224 399 consulibus,
248 338 328 400 quac
346 339 413 382 non
433 317 614 402 postulata,
637 317 693 382 sed
716 318 751 382 in
772 318 872 382 istum
895 317 1030 384 crimina

47 403 208 469 uiderentur
238 425 322 489 esse,
355 405 530 470 ediderunt.
574 404 732 470 Fecerunt
760 406 872 489 etiam,
904 409 942 470 ut
970 429 1037 490 me,

47 492 117 556 cuim
144 492 241 558 fidem
269 493 564 578 continentiamque
597 497 830 579 cognoverant,
861 515 963 578 prope
992 494 1031 560 de

48 579 114 644 ritae
139 603 229 646 meae
258 585 346 647 statu
373 581 485 648 dolore
513 604 550 647 ac
572 582 716 647 lacrimis
740 582 806 646 suis
830 581 1032 664 deducerent,
1059 618 1065 628 ι

31 673 73 732 tut
91 687 144 754 ego
165 669 269 734 istum
291 675 486 753 accusarem,
508 692 528 735 a
551 692 614 753 quo
637 691 709 736 mea
732 670 923 756 longissime
944 669 1030 734 ratio

47 755 238 841 voluntasque
253 757 465 842 abhorrebat3
480 779 678 842 quamquam
690 758 725 822 in
738 758 801 824 hac
814 779 912 824 causa
925 759 1030 824 multo
1074 835 1079 850 ,

47 844 131 926 plures
148 849 262 930 partes
281 845 362 912 mihi
385 845 580 912 defensionis
604 867 702 930 quam
725 846 939 912 accusationis
964 867 1031 911 sus·

47 933 1030 1108 iobidirisidiiieiiiimiddbrelliriblidetibiiiviiiiriiiiidavldribnriiiits
1052 947 1082 996 n

1022 1072 1032 1105 7

25 1109 215 1191 latussim
230 1115 330 1195 atque
345 1110 548 1196 amplissima
566 1132 711 1194 quaeque
729 1110 844 1176 civitas
863 1111 1031 1176 vehemen-

49 1196 146 1263 tissime
169 1219 248 1264 suas
271 1199 407 1264 iniurias
429 1202 600 1283 persecuta
623 1204 681 1263 est.
732 1249 749 1260 ,

95 1285 135 1350 At
156 1308 256 1370 quem
280 1286 485 1370 admodum,
508 1286 643 1370 iudices,
666 1287 845 1352 venerunt?
887 1284 1008 1351 Videor
1026 1286 1084 1354 (11)

49 1371 112 1438 tuin
124 1375 229 1456 [milri]
246 1375 314 1439 iam
327 1374 460 1440 liberius
476 1375 562 1459 apud
578 1395 638 1439 uos
655 1396 715 1460 pro
734 1372 851 1440 Siculis
870 1375 961 1460 loqui
979 1374 1031 1439 de·

49 1459 114 1544 bere,
143 1484 241 1546 quam
274 1462 414 1528 forsitan
440 1463 504 1548 ipsi
531 1463 648 1546 velint3
680 1463 780 1529 saluti
807 1463 894 1529 enim
920 1462 1031 1547 potius

27 1559 135 1614 lacrum
151 1552 323 1617 consulam
342 1572 439 1635 quam
460 1551 632 1616 voluntati.
668 1550 812 1635 Ecquem
835 1551 1030 1617 existimatis

50 1657 174 1720 unquam
197 1641 271 1704 ulla
293 1640 329 1703 in
350 1638 519 1724 provincia
541 1660 633 1706 reum
657 1639 825 1706 absentem
848 1644 963 1705 contra
984 1639 1031 1704 iu·

51 1725 230 1806 quisitionem
253 1727 450 1795 accusatoris
469 1727 571 1792 tantis
591 1727 717 1812 opibus,
740 1731 835 1792 tanta
853 1727 1031 1811 cupiditate

51 1832 100 1877 esse
122 1815 311 1882 defensum?
353 1814 547 1891 Quaestores
575 1815 743 1897 utriusque
765 1814 952 1900 provinciae
976 1813 1031 1896 qui

51 1899 95 1964 isto
103 1908 249 1986 praetore
258 1903 397 1987 fuerant,
412 1926 484 1969 cum
493 1903 636 1970 fascibus
649 1902 730 1967 mihi
743 1905 876 1988 praesto
891 1901 1031 1966 fuerunt.

29 1985 93 2052 offis
109 2013 201 2075 porro
227 1993 285 2076 qui
309 1997 543 2075 successerunt,
566 1991 774 2058 vehementer
796 1989 891 2056 iatius
915 1988 1084 2072 cupidita

52 2073 201 2146 liberaliter
229 2103 270 2145 cx
292 2080 543 2146 istiuscibariis
566 2079 700 2145 tractati
722 2098 788 2144 non
810 2078 917 2144 miuus
941 2097 1031 2143 acres

52 2170 138 2232 contra
150 2191 201 2234 me
214 2168 358 2234 fuerunt.
390 2166 516 2251 Videte,
535 2167 613 2253 quid
630 2167 784 2252 potuerit,
803 2167 858 2251 qui
877 2169 1033 2251 quattuor

52 2249 143 2322 uuna
163 2257 333 2342 provincia
355 2259 544 2340 quaestores
568 2255 824 2322 studiosissimos
848 2255 1031 2320 defensores

52 2349 348 2431 propugnatoresque
365 2344 529 2427 habuerit,
550 2346 735 2428 praetorem
751 2363 828 2408 vero
849 2343 1033 2410 cohortem·

30 2435 97 2508 ¹⁵que
110 2435 210 2498 totam
231 2433 278 2498 sic
296 2432 486 2515 studiosam,
508 2434 545 2497 ut
562 2431 658 2496 facile
682 2434 854 2517 appareret
873 2453 940 2498 non
962 2435 1032 2498 tam

53 2512 100 2611 illis
115 2517 267 2605 Siciliam,
286 2542 384 2605 quam
402 2520 533 2586 inanem
551 2519 762 2603 offenderant,
784 2541 882 2604 quam
896 2518 1033 2586 Verrem

53 2623 145 2691 ipsum,
168 2610 225 2694 qui
244 2609 359 2694 plenus
383 2608 578 2692 decesserat,
600 2607 802 2691 provinciam
824 2607 933 2674 fuisse.
974 2607 1033 2672 Mi·

52 2694 104 2787 utri
125 2694 256 2781 Siculis,
285 2697 315 2762 si
344 2696 561 2763 decrevissent
587 2695 784 2782 legationes,
811 2717 893 2779 quae
920 2698 1033 2760 contra

53 2783 127 2848 bium
153 2785 310 2870 dicarent,
339 2784 470 2867 minari,
498 2784 526 2848 si
553 2783 609 2867 qui
635 2787 745 2850 essent
771 2782 922 2867 profecti,
950 2780 1033 2863 aliis,

32 2865 73 2928 ”ti
98 2870 276 2957 laudarent,
311 2867 543 2958 benignissime
579 2871 785 2955 promittere,
822 2869 1032 2955 gravissimos

54 2956 228 3033 privatarum
246 2983 356 3027 rerum
377 2965 489 3043 testes,
511 2959 628 3043 quibus
650 2980 711 3025 nos
734 2956 958 3043 praesentibus
982 2956 1033 3020 de·

18 3124 19 3132 ἵ
54 3047 262 3133 nuntiavimus,
285 3071 340 3116 eos
364 3049 397 3114 vi
419 3047 639 3133 custodiisque
662 3046 811 3111 retinere.
1052 3093 1073 3157 5

101 3132 181 3210 Quae
208 3159 282 3204 cum
310 3136 420 3202 omnia
446 3136 535 3202 facta
562 3135 641 3218 sint,
668 3138 779 3200 tamen
806 3153 904 3200 unam
929 3133 1087 3218 solam13

17 3287 18 3292 ,
55 3219 145 3290 scitote
171 3248 240 3292 csse
269 3225 436 3291 civitatem
457 3223 703 3306 Mamertinam,
730 3243 812 3305 quae
839 3221 968 3305 publice
991 3220 1035 3284 la·

33 3309 136 3395 *gaba
153 3315 207 3398 qui
225 3315 324 3380 istum
346 3313 526 3395 laudarent,
549 3311 684 3376 miserit.
720 3307 800 3375 Eius
820 3313 930 3374 autem
948 3308 1035 3394 lega·

16 3435 17 3506 q
55 3391 130 3463 lulis
163 3403 354 3487 principem,
390 3399 533 3466 civitatis
569 3397 811 3464 nobilissimum
847 3397 964 3479 civem,
1000 3393 1035 3462 C.

16 3515 20 3562 :1
55 3475 160 3574 Heium,
181 3490 323 3557 iuratum
347 3488 452 3556 dicere
475 3487 611 3566 audistis
634 3485 692 3551 isti
712 3507 830 3552 navam
853 3484 1035 3550 onerariam
