2470 3936
309 167 376 223 Lm.
391 167 418 223 v
451 167 528 223 cuP.
547 173 591 236 ar,
609 174 643 224 sa
662 173 677 234 e
697 173 843 224 133-138.
1015 167 1081 231 479

74 311 152 376 deos
175 311 385 377 immortalis!
416 311 494 396 quid
515 311 621 378 facere
643 310 776 396 posset?
813 309 894 377 Oum
916 311 978 376 tibi
1000 312 1081 378 haec

73 400 209 465 diceret:
233 398 294 464 ‘Tu
311 400 346 464 in
363 400 531 485 provincie
553 400 666 484 populi
683 399 823 464 Romani
844 403 985 484 praetor,
1008 422 1080 466 cum

71 487 137 552 tibi
151 488 362 553 maritumum
380 488 503 553 bellum
522 491 608 552 esset
626 487 927 572 administrandum,
944 485 1081 554 Mamer·

71 576 164 659 tinia,
188 597 226 640 ex
243 575 373 641 foedere
391 598 489 661 quam
507 575 670 660 deberent,
691 597 808 642 navem
826 597 885 662 per
904 576 1081 642 triennium

43 664 244 748 meministi,
275 663 337 730 tibi
368 665 454 748 apud
486 664 615 729 eosdem
645 665 778 750 privata
806 665 899 730 navis
931 664 1081 730 oneraria

72 752 359 906 tfflld
373 752 1081 928 attritu,iutuitu-rurus

281 911 283 918 ι
515 890 525 924 1

71 934 124 1014 tu,
145 929 240 994 navis
264 949 337 994 cum
360 934 445 993 esset
469 929 510 994 ab
534 933 706 1013 quaestore
729 933 762 994 et
785 930 827 995 ab
850 930 960 1015 legato
984 933 1081 1013 capta

72 1017 282 1103 praedonum,
304 1016 536 1102 archipiratam
554 1018 596 1082 ab
615 1017 717 1082 oculis
736 1017 881 1083 omnium
903 1017 1081 1100 removisti,

32 1113 125 1190 roba,
156 1105 211 1190 qui
237 1105 323 1171 eires
349 1104 490 1172 Romani
516 1115 601 1170 esse·
614 1106 808 1189 dicerentur,
838 1105 894 1190 qui
921 1127 941 1170 a
967 1105 1081 1171 multis

73 1197 356 1280 cognoscerentur,
378 1194 483 1260 securi
499 1193 598 1258 ferire
615 1194 763 1278 potuisti,
784 1197 822 1259 tu
838 1198 931 1259 tuam
949 1193 1081 1258 domurn

72 1283 199 1368 piratas
227 1281 398 1366 abducere,
424 1285 462 1347 tu
486 1282 523 1346 in
548 1282 703 1348 iudicium
729 1282 961 1367 archipiratam
984 1281 1080 1348 domo

73 1370 252 1456 producere
269 1391 366 1435 ausus
385 1391 430 1454 es,
446 1374 485 1434 tu
501 1371 537 1434 in
554 1371 722 1456 provincia
738 1375 807 1436 tam
826 1369 1002 1455 splendida,
1025 1373 1063 1434 tu
1082 1381 1132 1434 18⁷

74 1459 161 1543 apud
179 1459 285 1524 sodes
301 1458 517 1543 fiduliacimos,
535 1459 621 1524 cirea
639 1458 804 1524 Romanor
822 1458 1081 1542 honestissimos,

35 1565 60 1608 u
74 1549 110 1612 in
142 1551 231 1612 metu
261 1547 469 1632 periculoque
500 1547 687 1632 prouinciae
715 1547 784 1611 dies
811 1546 981 1612 continuos
1008 1566 1081 1611 con·

73 1636 186 1721 plures
210 1636 246 1699 in
268 1635 364 1700 litore
387 1635 606 1719 conviviisque
627 1635 770 1717 iacuisti,
797 1638 831 1700 te
853 1655 912 1719 per
933 1655 989 1700 eos
1013 1633 1081 1700 dies

73 1744 170 1788 nemo
185 1726 260 1788 tuae
279 1723 367 1788 domi
378 1723 565 1808 convenire,
582 1743 678 1788 nemo
695 1723 730 1787 in
747 1722 820 1788 foro
837 1722 946 1788 ridere
964 1722 1082 1806 potuit,

74 1817 113 1876 tu
141 1811 302 1877 sociorum
330 1815 427 1896 atque
454 1811 632 1877 amicorum
660 1810 701 1875 ad
727 1832 766 1875 ea
788 1809 938 1875 convivia
959 1813 1080 1874 matres

72 1899 218 1966 familias
237 1899 424 1983 adhibuisti,
446 1903 484 1965 tu
503 1900 592 1964 inter
613 1899 682 1964 eius
703 1896 792 1964 m'odi
814 1897 966 1963 mulieres
988 1917 1081 1982 prae

36 1992 237 2054 rotextatum
268 1992 362 2054 tuum
390 1988 509 2070 lilium,
539 1991 691 2072 nepotem
719 2005 839 2070 meum,
871 1983 1081 2069 collocavisti,

74 2081 112 2142 ut
150 2075 251 2141 aetati
286 2076 425 2142 maxime
456 2075 600 2143 lubricae
632 2080 729 2160 atque
759 2075 904 2140 incertae
934 2073 1082 2158 exempla

74 2164 239 2249 nequitiae
266 2164 412 2249 parentis
433 2165 504 2231 vita
525 2164 710 2250 praeberet,
735 2166 774 2229 tu
795 2166 927 2246 praetor
949 2162 985 2226 in
1006 2183 1081 2246 pro·

74 2253 183 2320 vincia
213 2273 286 2319 cum
318 2253 428 2318 tunica
458 2253 624 2338 pallioque
655 2273 817 2338 purpureo
845 2251 935 2316 risus
965 2271 1013 2334 aa,
1043 2254 1082 2314 tu

74 2345 210 2427 propter
228 2363 373 2406 amorem
390 2340 623 2424 libidinemque
641 2345 733 2405 tuam
754 2339 927 2423 imperium
948 2338 1082 2404 navium

37 2430 187 2516 relegato
205 2428 320 2514 populi
337 2428 478 2496 Romani
500 2428 660 2512 ademisti,
682 2425 885 2510 Syracusano
908 2424 1082 2509 tradidisti,

74 2517 125 2582 tui
152 2517 274 2582 milites
301 2515 337 2581 in
360 2516 527 2601 provincia
550 2514 660 2581 Sicilia
682 2514 833 2600 frugibus
853 2513 1082 2596 frumentoque

75 2610 262 2689 caruerunt,
293 2609 351 2670 tna
382 2605 508 2670 luxurie
538 2608 636 2687 atque
663 2602 802 2668 avaritia
828 2601 941 2667 classis
968 2600 1083 2686 populi

75 2693 217 2758 Romani
248 2715 268 2758 a
298 2691 516 2779 praedonibus
549 2695 645 2776 capta
676 2695 710 2756 et
734 2691 867 2756 incensa
893 2693 958 2772 est3
988 2692 1065 2774 post
1084 2699 1134 2758 138

76 2779 253 2866 Syracusae
279 2781 425 2846 conditas
448 2801 545 2866 quem
566 2780 602 2844 in
623 2783 755 2865 portum
776 2798 954 2861 numquam
975 2776 1082 2841 hostis

39 2887 63 2928 ω
77 2874 267 2953 accesserat,
289 2869 325 2934 in
347 2891 385 2935 eo
407 2872 441 2934 te
463 2872 613 2954 praetore
635 2867 778 2951 primum
799 2866 926 2951 piratae
947 2863 1083 2950 naviga·

75 2961 204 3041 rerunt3
223 2979 326 3042 neque
340 2957 420 3023 haec
433 2959 486 3022 tot
500 2961 533 3021 et
545 2960 641 3021 tanta
653 2954 808 3020 dedecora
825 2952 1082 3018 dissimulatione

75 3051 135 3111 tua
158 3066 263 3132 neque
287 3046 450 3112 oblivione
473 3045 642 3110 hominum
665 3065 703 3109 ac
724 3042 949 3108 taciturnitate
972 3043 1082 3126 tegere

75 3134 221 3218 voluisti,
244 3134 299 3200 sed
322 3134 422 3200 etiam
443 3134 576 3200 navium
598 3131 779 3218 praelector
802 3131 871 3196 sine
893 3129 963 3194 ulla
985 3149 1083 3196 causa

77 3223 117 3288 de
139 3223 298 3308 conplexu
320 3226 492 3308 parentum
516 3243 661 3304 auorum,
685 3219 852 3304 hospitum
874 3222 1019 3300 tuorum,
1042 3216 1085 3282 ad

39 3326 63 3370 ⁸⁵
76 3313 217 3377 mortem
235 3311 476 3395 cruciatumque
499 3309 653 3396 rapuisti3
674 3329 776 3391 neque
799 3311 833 3372 te
854 3307 890 3372 in
911 3309 1084 3390 parentum

76 3400 168 3465 luctu
186 3404 285 3483 atque
302 3399 445 3464 lacrimis
464 3399 529 3464 mei
546 3397 687 3464 nominis
711 3393 975 3462 commemoratio
998 3393 1084 3458 miti·

77 3489 184 3574 gavit3
211 3487 274 3553 tibi
299 3487 469 3553 hominum
495 3487 715 3553 innocentium
743 3483 876 3570 sanguis
898 3503 965 3548 non
985 3480 1083 3546 modo
