2470 3936
147 145 214 212 488
452 145 492 201 IN
511 145 540 203 O.
554 145 708 202 VERREM
726 144 805 202 Aer.
823 145 858 202 Il.

145 311 231 374 quse
262 293 392 358 tuntum
423 290 525 356 hebet
555 290 627 375 ipss
657 289 846 376 grevitstis,
875 293 912 355 ut
939 310 1042 374 neque
1069 311 1151 374 mes,

149 400 232 463 quse
262 378 355 444 nulls
387 383 451 464 est,
481 401 585 462 neque
616 378 807 462 cuiusquam
837 377 879 442 ud
906 377 1151 446 inflammandos

96 479 149 530 160
165 470 293 534 vestroe
326 467 452 536 suimus
484 466 670 551 eloquentia
699 467 894 550 requiratur.
939 465 1059 532 Gavius
1090 466 1151 550 hic,

149 577 245 640 quem
276 555 362 640 dico,
393 553 576 640 Consanus,
606 576 681 621 oum
711 554 747 620 in
777 553 837 619 illo
868 575 1002 621 numero
1034 553 1151 620 civium

147 643 370 710 Romanorum
386 645 427 710 eb
446 644 511 710 isto
529 644 565 708 in
581 643 691 710 vinclo
706 643 870 710 coniectus
890 647 976 708 esset
994 647 1028 710 et
1044 641 1175 710 nudos

149 754 219 816 que·
240 733 368 798 retione
395 733 480 798 clem
502 753 521 798 e
543 731 711 798 lautumiis
733 730 936 817 profugisset
957 731 1151 798 neumam·

149 842 211 904 que
238 820 394 904 venisset,
420 819 477 905 qui
503 823 574 886 turn
599 841 701 906 prope
726 818 793 886 ism
814 818 948 886 Itsliem
970 824 1005 886 et
1026 820 1151 888 moenis

147 907 363 994 Reginorum,
393 908 514 974 civium
539 907 776 991 Romanorum,
806 907 931 974 videret
963 912 996 973 et
1028 930 1066 974 ex
1092 908 1149 974 illo

148 1000 238 1062 metu
256 997 372 1062 mortis
391 1019 428 1063 ec
445 996 589 1062 tenebris
608 995 701 1082 qussi
718 996 792 1062 ln'ce
812 996 977 1062 libertatis
999 1000 1035 1061 et
1057 996 1151 1063 odore

149 1085 260 1170 aliquo
287 1086 398 1172 legum
419 1089 583 1151 recreetur
605 1084 789 1167 revixisset,
816 1085 907 1169 loqui
928 1083 1099 1152 Messenae
1120 1089 1187 1150 eto

149 1174 241 1257 queri
263 1173 370 1258 coepit
393 1194 428 1240 se
450 1173 553 1239 civem
571 1171 755 1238 Romanum
776 1171 812 1238 in
834 1172 943 1239 vinclo
966 1173 1153 1258 coniectum,

148 1261 213 1327 sibi
244 1265 334 1328 rectu
364 1262 427 1327 iter
459 1282 529 1326 esse
555 1260 708 1344 Romam,
739 1260 837 1326 Verri
869 1283 903 1328 se
934 1267 1075 1346 praesto·
1099 1262 1152 1328 ed-

96 1345 139 1413 62
147 1351 291 1416 venienti
308 1350 463 1416 futurum.
504 1347 580 1416 Non
597 1349 812 1435 intellegebat
829 1349 930 1414 miser
951 1350 1036 1418 nihil
1057 1351 1153 1417 inter·

148 1459 233 1520 esse,
259 1441 370 1504 utrum
396 1439 477 1505 hsec
498 1437 668 1504 Messenae
693 1459 735 1502 sn
762 1438 850 1522 upud
874 1438 977 1504 istum
1003 1440 1039 1504 in
1064 1461 1151 1523 pree

147 1524 233 1590 torio
256 1526 457 1608 loqueretu13
479 1547 570 1611 nem,
592 1529 630 1590 nt
652 1530 830 1591 anteusus
853 1526 961 1610 docui,
983 1527 1068 1594 huuc
1090 1528 1186 1592 sibiu

146 1614 210 1679 iste
236 1613 350 1678 urbem
378 1613 557 1700 delegerat,
585 1635 682 1698 quam
708 1613 845 1679 heberet
872 1615 1065 1682 sdiutrieem
1089 1638 1151 1682 see·

147 1702 265 1786 lerum,
304 1701 467 1769 furtorum
507 1701 730 1786 receptricem,
770 1702 972 1789 flagitiorum
1010 1705 1151 1770 omnium

148 1791 319 1857 censuum.
352 1790 468 1876 Itaque
486 1790 527 1856 ed
545 1790 777 1876 magistratum
790 1789 1023 1858 Mamertinum
1041 1794 1152 1858 stetim

147 1879 315 1945 deducitur
351 1879 487 1964 Gavius,
523 1900 624 1964 eoque
659 1878 731 1962 ipso
768 1878 819 1944 die
855 1901 932 1946 cusu
968 1879 1151 1948 Messanam

146 1965 265 2034 Verres
292 1968 390 2034 venit.
435 1967 501 2032 Res
528 1967 665 2032 odeum
688 1966 843 2051 defertur,
871 1989 941 2034 esse
963 1969 1067 2035 civem
1088 1969 1187 2035 leo-o

146 2077 289 2140 monum,
321 2056 377 2142 qui
404 2077 440 2122 se
462 2054 631 2140 Syracusis
655 2055 691 2119 in
718 2055 887 2122 lautumiis
909 2055 1016 2122 -fuisse
1043 2079 1151 2142 quere

147 2147 250 2225 retur3
269 2165 365 2226 quem
378 2145 445 2208 iem
458 2143 694 2228 ingredientem
710 2143 746 2208 in
762 2164 879 2209 navem
898 2148 932 2210 et
940 2145 1038 2210 Verri
1055 2146 1150 2212 nimis

147 2229 301 2295 atrociter
328 2230 534 2295 minitantem
562 2231 603 2295 eb
630 2252 668 2295 se
692 2235 871 2297 retractum
897 2253 967 2298 esse
989 2238 1025 2298 et
1046 2234 1150 2300 adser-

94 2330 144 2381 161
164 2321 286 2402 vetum,
304 2321 341 2383 ut
355 2318 425 2404 ipse
437 2318 473 2382 in
487 2339 560 2382 eum
574 2321 743 2403 statueret,
761 2320 848 2404 quod
865 2321 1040 2388 videretur.
1071 2323 1150 2409 Agit

145 2406 333 2473 homiuibus
365 2407 490 2494 grstiss
522 2410 556 2470 et
587 2427 698 2472 eorum
729 2407 985 2474 benivolentium
1012 2431 1091 2497 erge
1116 2425 1184 2476 see

147 2495 415 2582 diligentiamque
446 2495 628 2562 conlaudet.
673 2494 749 2580 Ipse
779 2496 1001 2564 inflummstus
1032 2500 1149 2564 scelere

146 2588 180 2650 et
197 2584 306 2650 furore
328 2584 492 2650 inferum
514 2583 617 2667 venit3
639 2583 797 2650 ardebunt
820 2586 915 2670 oculi,
938 2590 1011 2653 toto
1034 2609 1075 2652 ex
1096 2607 1148 2653 ore

145 2672 320 2738 crudelitas
335 2673 506 2738 eminebat.
537 2671 781 2756 Exspectubent
796 2695 918 2758 omues,
937 2697 1001 2760 quo
1019 2675 1148 2742 tandem

145 2781 376 2846 progressurus
395 2765 454 2826 sut
474 2761 627 2845 quidnsrn
650 2764 780 2827 scturus
804 2767 899 2847 esset,
922 2783 996 2830 eum
1019 2768 1148 2850 repente

145 2848 311 2916 hominem
328 2849 453 2935 proripi
475 2853 573 2933 etque
594 2849 629 2913 in
650 2848 723 2915 fero
745 2849 852 2915 medio
873 2851 991 2916 nudari
1013 2875 1052 2918 sc
1074 2852 1183 2917 deli-u

146 2938 218 3024 geri
250 2941 283 3004 et
314 2938 425 3025 virgus
453 2937 595 3023 expediri
621 2937 721 3003 iubet.
766 2934 941 3006 (llumsbst
966 2940 1025 3005 ille
1052 2941 1147 3006 miser

145 3048 180 3090 se
203 3025 307 3092 civem
330 3046 401 3091 esse
421 3025 619 3109 Romanum,
645 3025 840 3110 municipem
863 3024 1064 3112 Consanum
1086 3049 1147 3094 me·

143 3113 247 3179 ruisse
271 3135 343 3180 cum
366 3114 401 3179 L.
420 3113 553 3198 Ruecio,
575 3113 836 3197 splendidissimo
860 3116 969 3200 equite
991 3115 1147 3200 Romano,

144 3200 202 3284 qni
216 3199 400 3268 Panhormi
422 3202 654 3289 negotiaretur,
677 3223 716 3266 ex
738 3223 802 3286 quo
824 3203 905 3270 hsec
923 3202 1044 3270 Verres
1066 3205 1147 3272 scire

142 3292 264 3372 posset.
300 3289 383 3354 Tum
396 3290 468 3373 iste,
488 3311 522 3355 se
540 3290 735 3374 comperisse
753 3311 826 3356 eum
845 3292 1033 3376 speculandi
1052 3303 1178 3360 muso&

142 3375 178 3438 in
191 3370 335 3438 Siciliam
354 3399 373 3439 s
392 3376 524 3442 ducibus
542 3377 755 3463 fugitivorum
774 3400 844 3445 esse
863 3381 1013 3464 missum
1032 3382 1145 3466 quoius

142 3459 191 3522 rei
221 3477 325 3537 neque
351 3461 448 3526 index
474 3485 579 3547 neque
605 3465 780 3550 vestigium
807 3467 940 3551 aliquod
964 3490 1070 3554 neque
1096 3491 1145 3534 su-
