2422 3952
185 161 228 226 20
450 157 522 212 PRO
540 157 571 211 P.
590 153 764 222 QUINOTIO
785 153 929 210 ORATIO.

185 309 255 370 erat
289 303 502 390 procurator?
544 299 647 366 Credo
682 301 824 384 aliquem
856 299 996 366 electum
1029 299 1189 364 hominem

185 397 348 480 egentem,
379 389 576 477 litigiosum,
605 389 805 473 improbum,
828 388 892 472 qui
922 391 1037 472 posset
1064 409 1188 453 scurrae

185 481 295 548 divitis
322 481 520 546 cotidianum
543 477 722 543 convicium
746 476 914 542 sustinere.
954 475 1049 540 Nihil
1072 477 1188 558 minus,

185 591 282 655 eques
315 569 481 634 Romanus
517 567 676 652 locuples,
713 565 764 630 sui
797 563 922 650 negotii
952 565 1038 629 benc
1070 585 1189 651 gerens,

186 659 322 742 denique
348 657 391 740 is,
419 677 528 740 quem,
556 653 705 738 quotiens
728 651 872 719 Naevius
897 653 932 716 in
954 652 1100 718 Galliam
1123 675 1188 738 pro

133 744 288 812 20feotus
318 748 380 827 est,
408 746 652 829 procuratorem
674 741 799 807 Romae
825 741 967 826 reliquit.
1013 739 1060 806 Et
1087 741 1189 822 eudes,

186 833 256 900 Sex.
271 831 384 915 Naevi,
402 853 523 918 negare
538 832 707 896 absentem
726 829 893 896 defensum
912 849 983 894 esse
997 827 1188 912 Quinotium,

185 943 259 988 cum
280 941 354 986 eum
377 919 555 985 defenderit
576 919 671 1001 idem,
694 918 750 1002 qui
771 922 806 982 te
830 917 979 983 solebat?
1004 921 1047 1004 et,
1071 919 1187 984 cumis

185 1009 338 1076 iudicium
353 1009 511 1094 acceperit
525 1029 584 1093 pro
599 1005 758 1090 Quinctio,
777 1006 828 1072 cui
842 1010 879 1070 tu
892 1009 926 1071 et
940 1027 1010 1071 rem
1025 1007 1187 1072 etiamen

185 1103 277 1165 tuam
304 1097 528 1164 commendare
555 1095 761 1182 proficiscens
787 1099 820 1162 et
842 1094 1034 1160 concredere
1057 1096 1188 1172 solebas,

186 1188 312 1253 conaris
331 1187 393 1253 hoo
416 1186 529 1269 dicere,
551 1185 712 1249 neminem
735 1181 909 1269 exstitisse,
931 1183 988 1266 qui
1007 1181 1187 1260 Quinotium

186 1275 304 1340 iudicio
328 1274 534 1339 defenderet?

134 1380 167 1426 es
255 1361 500 1445 ‘Postulabam’,
513 1362 628 1445 inquit,
645 1359 694 1425 ‘ut
708 1361 789 1448 satis
804 1357 916 1424 daret?
944 1357 1072 1426 Iniuria
1085 1364 1186 1446 postu-

187 1453 294 1534 labes3
317 1451 366 1515 ita
384 1450 548 1532 videbare3
571 1449 744 1513 recusabat
756 1447 903 1512 Alienus.
921 1481 967 1494 -·-
985 1446 1060 1532 lta,
1083 1469 1186 1514 verum

186 1542 319 1624 praetor
346 1535 558 1602 decernebat?
582 1573 625 1584 —
649 1535 785 1600 Tribuni
806 1536 910 1622 igitur
932 1537 1188 1622 appellabantur.

187 1661 229 1674 --
254 1625 331 1690 ‘Hic
353 1623 413 1708 te',
434 1624 554 1709 inquit,
577 1622 702 1708 ‘tenec;
724 1645 791 1688 non
814 1627 863 1689 est
885 1624 984 1688 istud·
997 1625 1069 1708 pati
1092 1645 1187 1708 neque

186 1713 304 1780 iudicio
339 1713 520 1796 defendere,
557 1733 630 1778 curn
666 1712 822 1777 auxilium
854 1733 875 1776 a
905 1712 1049 1778 tribunis
1081 1711 1187 1799 petas?

186 1802 257 1869 Hoc
276 1823 351 1890 ego,
374 1825 447 1868 oum
470 1800 617 1886 attendo,
641 1821 705 1886 quc
727 1800 899 1886 prudentie
921 1801 966 1865 sit
988 1800 1186 1877 Hortensius,

186 1893 347 1958 dicturum
374 1913 445 1956 esse
474 1912 547 1955 eum
573 1911 640 1954 non
667 1889 818 1954 arbitror.
859 1886 940 1953 Cum
964 1893 1075 1955 autem
1101 1895 1187 1956 entes

187 1981 305 2044 dixisse
333 1979 428 2044 audio
457 1983 490 2043 et
512 1999 642 2044 oausam
665 1978 771 2062 ipsam
793 1975 975 2060 considero,
1004 1978 1082 2062 quid
1108 1975 1186 2044 aliud

187 2069 291 2132 dicere
314 2067 431 2150 possit,
456 2086 523 2130 non
544 2066 679 2150 reperio.
720 2063 855 2130 Fatetur
877 2065 964 2130 enim
986 2065 1122 2132 libellos
1139 2065 1187 2130 Al·

185 2155 295 2218 lenum
310 2154 470 2236 deiecisse,
488 2153 710 2219 vadimonium
727 2153 925 2238 promisisse,
942 2153 1100 2220 iudicium
1120 2155 1187 2238 quin

187 2241 346 2324 acciperet
364 2241 398 2304 in
422 2263 459 2306 ee
480 2241 554 2324 ipsa
575 2243 684 2326 verba,
707 2263 789 2326 quae
813 2239 955 2306 Naevius
978 2242 1108 2328 edebat,
1130 2261 1186 2307 non

186 2349 360 2414 recusasse,
381 2329 431 2394 ita
444 2332 567 2394 tamen:
587 2351 677 2395 more
690 2333 724 2395 et
741 2330 904 2414 instituto,
922 2351 980 2414 per
998 2353 1075 2397 eum
1094 2330 1186 2416 megi·

133 2431 168 2480 64
187 2421 341 2500 stratum,
369 2417 425 2501 qui
447 2417 559 2483 auxilii
582 2430 679 2484 cause
703 2418 898 2483 constitutus
922 2421 982 2483 est.
1022 2419 1093 2484 Aut
1117 2421 1186 2484 haec

185 2505 273 2570 lacta
299 2525 365 2570 non
392 2506 459 2570 sint
484 2523 614 2571 necesse
638 2511 687 2571 est
711 2509 768 2570 cut
785 2504 821 2570 O.
839 2505 1004 2590 Aquilius,
1033 2509 1113 2573 talis
1135 2508 1186 2586 vir,

61 2605 63 2609 '
185 2593 311 2658 iuratus
329 2593 391 2659 hoo
410 2595 460 2658 ius
478 2594 513 2658 in
530 2595 662 2660 civitate
680 2593 872 2660 constituat:
891 2595 981 2658 cuius
1000 2599 1185 2681 procurator

186 2685 266 2764 [non
298 2682 407 2746 omnia
434 2681 552 2748 iudicia
569 2683 735 2765 ,corpedo
762 2702 845 2765 quae
872 2683 1008 2766 quisque
1036 2685 1072 2748 in
1095 2683 1198 2750 verba}

184 2771 371 2855 postularit,
390 2770 479 2835 ouius
494 2773 698 2856 procurator]
714 2773 896 2856 apraetore
915 2771 1068 2838 tribunos
1088 2770 1198 2860 appel-2

185 2860 253 2924 lare
272 2881 370 2925 ausus
389 2859 441 2942 sit,
460 2879 533 2924 eum
551 2879 617 2924 non
635 2857 770 2942 defendi,
793 2858 862 2922 eius
880 2859 967 2924 bona
984 2865 1074 2926 recte
1093 2858 1185 2946 possi·

185 2947 254 3012 deri
284 2967 394 3037 posse,
432 2947 462 3012 ei
494 2947 624 3030 misero,
662 2945 802 3030 absenti,
839 2946 955 3032 ignaro
986 2945 1198 3016 fortunaruml

54 3047 57 3052 ’
186 3055 318 3100 suarum
341 3034 452 3101 omnia
469 3035 556 3100 vitoe
575 3039 767 3100 ornaments
789 3053 848 3124 per
870 3055 1034 3102 summum
1058 3037 1184 3104 dedecus

134 3131 166 3181 eo
186 3125 218 3184 et
235 3122 449 3208 ignominium
473 3122 576 3208 deripi
598 3123 776 3189 convenire.
817 3121 910 3197 Quod
933 3121 962 3189 s'i
984 3126 1119 3210 probari
1140 3143 1198 3208 ne?

184 3207 266 3273 mini
287 3214 410 3294 potest,
437 3209 519 3276 illud
542 3214 628 3276 certe
650 3209 785 3294 probari
807 3211 957 3277 omnibus
979 3233 1112 3280 necesse
1133 3213 1198 3292 est*

185 3296 351 3397 defensum
371 3319 440 3363 esse
452 3297 576 3400 iudicio
596 3299 763 3364 absentem
779 3297 975 3375 Quinotium.
1008 3300 1103 3378 Quod
1120 3285 1198 3408 “imi

184 3388 232 3448 its
260 3388 316 3467 sit,
344 3405 383 3449 ex
410 3386 514 3452 edicto
541 3388 626 3452 bona
648 3407 800 3471 possesse
821 3409 889 3453 non
912 3393 996 3465 sunt.
1037 3391 1085 3456 At
1107 3409 1183 3456 enin

184 3470 307 3535 tribuni
338 3473 444 3555 plebis
473 3493 514 3538 ne
542 3474 714 3540 audierunt
741 3475 878 3559 quiderm
924 3475 1058 3558 Fateor,
1090 3478 1118 3542 si
1142 3477 1198 3539 ita
