<?xml version="1.0" encoding="UTF-8"?>
<!DOCTYPE html PUBLIC "-//W3C//DTD XHTML 1.0 Transitional//EN"
    "http://www.w3.org/TR/xhtml1/DTD/xhtml1-transitional.dtd">
<html xmlns="http://www.w3.org/1999/xhtml" xml:lang="en" lang="en">
 <head>
  <title>
</title>
<meta http-equiv="Content-Type" content="text/html;charset=utf-8" />
  <meta name='ocr-system' content='tesseract 3.04.00' />
  <meta name='ocr-capabilities' content='ocr_page ocr_carea ocr_par ocr_line ocrx_word'/>
</head>
<body>
  <div class='ocr_page' id='page_1' title='image "./mtulliiciceroni02mlgoog/mtulliiciceroni02mlgoog_0532.png"; bbox 0 0 2404 3928; ppageno 0'>
   <div class='ocr_carea' id='block_1_1' title="bbox 292 147 1073 218">
    <p class='ocr_par' dir='ltr' id='par_1_1' title="bbox 292 147 1073 218">
     <span class='ocr_line' id='line_1_1' title="bbox 292 147 1073 218; baseline 0.02 -17"><span class='ocrx_word' id='word_1_1' title='bbox 292 147 359 202; x_wconf 79' lang='lat' dir='ltr'>ule.</span> <span class='ocrx_word' id='word_1_2' title='bbox 378 148 416 204; x_wconf 82' lang='lat' dir='ltr'>lv</span> <span class='ocrx_word' id='word_1_3' title='bbox 449 148 526 206; x_wconf 74' lang='lat' dir='ltr'>car.</span> <span class='ocrx_word' id='word_1_4' title='bbox 546 155 652 205; x_wconf 79' lang='lat' dir='ltr'>ca-oc</span> <span class='ocrx_word' id='word_1_5' title='bbox 670 155 685 216; x_wconf 72' lang='lat' dir='ltr'>s</span> <span class='ocrx_word' id='word_1_6' title='bbox 705 157 853 208; x_wconf 75' lang='lat' dir='ltr'>1ae-1ce.</span> <span class='ocrx_word' id='word_1_7' title='bbox 1005 151 1073 218; x_wconf 80' lang='lat'>423</span> 
     </span>
    </p>
   </div>
   <div class='ocr_carea' id='block_1_2' title="bbox 58 291 1072 380">
    <p class='ocr_par' dir='ltr' id='par_1_2' title="bbox 58 291 1072 380">
     <span class='ocr_line' id='line_1_2' title="bbox 58 291 1072 380; baseline 0.004 -22"><span class='ocrx_word' id='word_1_8' title='bbox 58 291 199 376; x_wconf 89' lang='lat' dir='ltr'>itaque</span> <span class='ocrx_word' id='word_1_9' title='bbox 239 292 362 358; x_wconf 89' lang='lat' dir='ltr'>omnis</span> <span class='ocrx_word' id='word_1_10' title='bbox 402 291 594 360; x_wconf 89' lang='lat' dir='ltr'>liberatos</span> <span class='ocrx_word' id='word_1_11' title='bbox 631 293 873 380; x_wconf 76' lang='lat' dir='ltr'>discessisse,</span> <span class='ocrx_word' id='word_1_12' title='bbox 914 298 952 360; x_wconf 91' lang='lat' dir='ltr'>et</span> <span class='ocrx_word' id='word_1_13' title='bbox 988 315 1072 362; x_wconf 87' lang='lat' dir='ltr'>esse</span> 
     </span>
    </p>
   </div>
   <div class='ocr_carea' id='block_1_3' title="bbox 24 379 1182 3555">
    <p class='ocr_par' dir='ltr' id='par_1_3' title="bbox 24 379 1123 1526">
     <span class='ocr_line' id='line_1_3' title="bbox 59 379 1071 470; baseline 0.008 -26"><span class='ocrx_word' id='word_1_14' title='bbox 59 380 243 466; x_wconf 79' lang='lat' dir='ltr'>ignotum</span> <span class='ocrx_word' id='word_1_15' title='bbox 265 379 462 447; x_wconf 88' lang='lat' dir='ltr'>omnibus.’</span> <span class='ocrx_word' id='word_1_16' title='bbox 507 379 594 457; x_wconf 82' lang='lat' dir='ltr'>Quas</span> <span class='ocrx_word' id='word_1_17' title='bbox 615 401 676 468; x_wconf 81' lang='lat' dir='ltr'>ego</span> <span class='ocrx_word' id='word_1_18' title='bbox 699 381 827 447; x_wconf 86' lang='lat' dir='ltr'>litteras</span> <span class='ocrx_word' id='word_1_19' title='bbox 851 383 1071 470; x_wconf 77' lang='lat' dir='ltr'>obsignandas</span> 
     </span>
     <span class='ocr_line' id='line_1_4' title="bbox 59 467 761 556; baseline 0 -22"><span class='ocrx_word' id='word_1_20' title='bbox 59 468 197 554; x_wconf 90' lang='lat' dir='ltr'>publico</span> <span class='ocrx_word' id='word_1_21' title='bbox 222 467 315 555; x_wconf 81' lang='lat' dir='ltr'>signo</span> <span class='ocrx_word' id='word_1_22' title='bbox 338 469 619 556; x_wconf 74' lang='lat' dir='ltr'>deportandasque</span> <span class='ocrx_word' id='word_1_23' title='bbox 642 471 761 536; x_wconf 81' lang='lat' dir='ltr'>curavi.</span> 
     </span>
     <span class='ocr_line' id='line_1_5' title="bbox 129 556 1123 626; baseline 0.001 -4"><span class='ocrx_word' id='word_1_24' title='bbox 129 556 183 622; x_wconf 94' lang='lat' dir='ltr'>De</span> <span class='ocrx_word' id='word_1_25' title='bbox 209 556 396 624; x_wconf 74' lang='lat' dir='ltr'>laudatione</span> <span class='ocrx_word' id='word_1_26' title='bbox 424 561 532 624; x_wconf 87' lang='lat' dir='ltr'>autem</span> <span class='ocrx_word' id='word_1_27' title='bbox 560 558 644 623; x_wconf 87' lang='lat' dir='ltr'>ratio</span> <span class='ocrx_word' id='word_1_28' title='bbox 673 559 719 624; x_wconf 88' lang='lat' dir='ltr'>sic</span> <span class='ocrx_word' id='word_1_29' title='bbox 742 558 1123 626; x_wconf 81' lang='lat' dir='ltr'>mihiredditaast.141</span> 
     </span>
     <span class='ocr_line' id='line_1_6' title="bbox 32 643 1071 731; baseline 0.007 -24"><span class='ocrx_word' id='word_1_30' title='bbox 32 644 212 712; x_wconf 82' lang='lat' dir='ltr'>aPrimum</span> <span class='ocrx_word' id='word_1_31' title='bbox 238 667 312 712; x_wconf 86' lang='lat' dir='ltr'>oum</span> <span class='ocrx_word' id='word_1_32' title='bbox 339 669 359 712; x_wconf 87' lang='lat' dir='ltr'>a</span> <span class='ocrx_word' id='word_1_33' title='bbox 382 643 417 712; x_wconf 81' lang='lat'>0.</span> <span class='ocrx_word' id='word_1_34' title='bbox 432 644 535 712; x_wconf 87' lang='lat' dir='ltr'>Verre</span> <span class='ocrx_word' id='word_1_35' title='bbox 562 646 692 712; x_wconf 87' lang='lat' dir='ltr'>litterae</span> <span class='ocrx_word' id='word_1_36' title='bbox 720 647 887 731; x_wconf 90' lang='lat' dir='ltr'>aliquanto</span> <span class='ocrx_word' id='word_1_37' title='bbox 916 650 991 713; x_wconf 87' lang='lat' dir='ltr'>ante</span> <span class='ocrx_word' id='word_1_38' title='bbox 1018 648 1071 714; x_wconf 91' lang='lat' dir='ltr'>ad·</span> 
     </span>
     <span class='ocr_line' id='line_1_7' title="bbox 59 734 1071 819; baseline 0.002 -19"><span class='ocrx_word' id='word_1_39' title='bbox 59 737 199 800; x_wconf 83' lang='lat' dir='ltr'>ventum</span> <span class='ocrx_word' id='word_1_40' title='bbox 220 755 328 800; x_wconf 87' lang='lat' dir='ltr'>meum</span> <span class='ocrx_word' id='word_1_41' title='bbox 351 734 390 800; x_wconf 93' lang='lat' dir='ltr'>de</span> <span class='ocrx_word' id='word_1_42' title='bbox 413 734 599 801; x_wconf 76' lang='lat' dir='ltr'>laudatione</span> <span class='ocrx_word' id='word_1_43' title='bbox 622 736 795 819; x_wconf 84' lang='lat' dir='ltr'>venissent,</span> <span class='ocrx_word' id='word_1_44' title='bbox 816 736 901 801; x_wconf 89' lang='lat' dir='ltr'>nihil</span> <span class='ocrx_word' id='word_1_45' title='bbox 924 756 995 802; x_wconf 91' lang='lat' dir='ltr'>esse</span> <span class='ocrx_word' id='word_1_46' title='bbox 1018 736 1071 802; x_wconf 90' lang='lat' dir='ltr'>de-</span> 
     </span>
     <span class='ocr_line' id='line_1_8' title="bbox 59 822 1072 907; baseline 0 -17"><span class='ocrx_word' id='word_1_47' title='bbox 59 826 204 906; x_wconf 86' lang='lat' dir='ltr'>cretum;</span> <span class='ocrx_word' id='word_1_48' title='bbox 236 822 349 888; x_wconf 86' lang='lat' dir='ltr'>deinde</span> <span class='ocrx_word' id='word_1_49' title='bbox 381 844 455 888; x_wconf 85' lang='lat' dir='ltr'>cum</span> <span class='ocrx_word' id='word_1_50' title='bbox 487 822 619 907; x_wconf 86' lang='lat' dir='ltr'>quidam</span> <span class='ocrx_word' id='word_1_51' title='bbox 648 845 688 888; x_wconf 88' lang='lat' dir='ltr'>ex</span> <span class='ocrx_word' id='word_1_52' title='bbox 718 823 807 889; x_wconf 91' lang='lat' dir='ltr'>illius</span> <span class='ocrx_word' id='word_1_53' title='bbox 840 824 953 890; x_wconf 88' lang='lat' dir='ltr'>amicis</span> <span class='ocrx_word' id='word_1_54' title='bbox 985 846 1072 890; x_wconf 87' lang='lat' dir='ltr'>com·</span> 
     </span>
     <span class='ocr_line' id='line_1_9' title="bbox 60 911 1071 996; baseline 0 -18"><span class='ocrx_word' id='word_1_55' title='bbox 60 913 235 978; x_wconf 85' lang='lat' dir='ltr'>monerent</span> <span class='ocrx_word' id='word_1_56' title='bbox 262 913 413 995; x_wconf 78' lang='lat' dir='ltr'>oportere</span> <span class='ocrx_word' id='word_1_57' title='bbox 440 911 580 996; x_wconf 84' lang='lat' dir='ltr'>decerni,</span> <span class='ocrx_word' id='word_1_58' title='bbox 607 911 748 978; x_wconf 82' lang='lat' dir='ltr'>maximo</span> <span class='ocrx_word' id='word_1_59' title='bbox 776 913 917 978; x_wconf 88' lang='lat' dir='ltr'>clamore</span> <span class='ocrx_word' id='word_1_60' title='bbox 945 934 1015 979; x_wconf 88' lang='lat' dir='ltr'>esse</span> <span class='ocrx_word' id='word_1_61' title='bbox 1038 917 1071 978; x_wconf 90' lang='lat' dir='ltr'>et</span> 
     </span>
     <span class='ocr_line' id='line_1_10' title="bbox 60 998 1071 1085; baseline 0 -19"><span class='ocrx_word' id='word_1_62' title='bbox 60 999 210 1066; x_wconf 80' lang='lat' dir='ltr'>convicio</span> <span class='ocrx_word' id='word_1_63' title='bbox 232 998 433 1084; x_wconf 79' lang='lat' dir='ltr'>repudiatos3</span> <span class='ocrx_word' id='word_1_64' title='bbox 454 1003 578 1084; x_wconf 91' lang='lat' dir='ltr'>postea,</span> <span class='ocrx_word' id='word_1_65' title='bbox 601 1021 700 1085; x_wconf 86' lang='lat' dir='ltr'>quom</span> <span class='ocrx_word' id='word_1_66' title='bbox 722 1021 813 1066; x_wconf 89' lang='lat' dir='ltr'>meus</span> <span class='ocrx_word' id='word_1_67' title='bbox 837 1001 994 1067; x_wconf 85' lang='lat' dir='ltr'>adventus</span> <span class='ocrx_word' id='word_1_68' title='bbox 1019 1002 1071 1068; x_wconf 88' lang='lat' dir='ltr'>ad·</span> 
     </span>
     <span class='ocr_line' id='line_1_11' title="bbox 24 1087 1071 1174; baseline 0.008 -28"><span class='ocrx_word' id='word_1_69' title='bbox 24 1105 47 1146; x_wconf 79' lang='lat' dir='ltr'>ro</span> <span class='ocrx_word' id='word_1_70' title='bbox 59 1087 308 1174; x_wconf 88' lang='lat' dir='ltr'>propinquaret,</span> <span class='ocrx_word' id='word_1_71' title='bbox 326 1088 503 1173; x_wconf 85' lang='lat' dir='ltr'>imperasse</span> <span class='ocrx_word' id='word_1_72' title='bbox 519 1109 603 1173; x_wconf 88' lang='lat' dir='ltr'>aum,</span> <span class='ocrx_word' id='word_1_73' title='bbox 620 1087 676 1172; x_wconf 92' lang='lat' dir='ltr'>qui</span> <span class='ocrx_word' id='word_1_74' title='bbox 695 1107 855 1154; x_wconf 87' lang='lat' dir='ltr'>summam</span> <span class='ocrx_word' id='word_1_75' title='bbox 873 1092 1071 1174; x_wconf 87' lang='lat' dir='ltr'>potestatem</span> 
     </span>
     <span class='ocr_line' id='line_1_12' title="bbox 59 1176 1070 1260; baseline 0 -18"><span class='ocrx_word' id='word_1_76' title='bbox 59 1176 214 1258; x_wconf 86' lang='lat' dir='ltr'>haberet,</span> <span class='ocrx_word' id='word_1_77' title='bbox 239 1179 276 1241; x_wconf 93' lang='lat' dir='ltr'>ut</span> <span class='ocrx_word' id='word_1_78' title='bbox 299 1176 520 1260; x_wconf 80' lang='lat' dir='ltr'>decernerent3</span> <span class='ocrx_word' id='word_1_79' title='bbox 543 1177 707 1242; x_wconf 87' lang='lat' dir='ltr'>decretum</span> <span class='ocrx_word' id='word_1_80' title='bbox 727 1176 776 1242; x_wconf 89' lang='lat' dir='ltr'>ita</span> <span class='ocrx_word' id='word_1_81' title='bbox 799 1198 883 1260; x_wconf 90' lang='lat' dir='ltr'>esse,</span> <span class='ocrx_word' id='word_1_82' title='bbox 905 1181 943 1242; x_wconf 93' lang='lat' dir='ltr'>ut</span> <span class='ocrx_word' id='word_1_83' title='bbox 965 1178 1070 1243; x_wconf 90' lang='lat' dir='ltr'>multo</span> 
     </span>
     <span class='ocr_line' id='line_1_13' title="bbox 59 1263 1072 1350; baseline 0 -20"><span class='ocrx_word' id='word_1_84' title='bbox 59 1265 138 1350; x_wconf 89' lang='lat' dir='ltr'>plus</span> <span class='ocrx_word' id='word_1_85' title='bbox 163 1263 214 1329; x_wconf 93' lang='lat' dir='ltr'>illi</span> <span class='ocrx_word' id='word_1_86' title='bbox 236 1264 381 1330; x_wconf 88' lang='lat' dir='ltr'>laudatio</span> <span class='ocrx_word' id='word_1_87' title='bbox 404 1265 484 1330; x_wconf 90' lang='lat' dir='ltr'>mali</span> <span class='ocrx_word' id='word_1_88' title='bbox 506 1287 604 1349; x_wconf 90' lang='lat' dir='ltr'>quam</span> <span class='ocrx_word' id='word_1_89' title='bbox 626 1264 705 1331; x_wconf 91' lang='lat' dir='ltr'>boni</span> <span class='ocrx_word' id='word_1_90' title='bbox 726 1268 839 1348; x_wconf 86' lang='lat' dir='ltr'>posset</span> <span class='ocrx_word' id='word_1_91' title='bbox 862 1264 996 1332; x_wconf 86' lang='lat' dir='ltr'>adferre.</span> <span class='ocrx_word' id='word_1_92' title='bbox 1032 1265 1072 1330; x_wconf 90' lang='lat' dir='ltr'>ld</span> 
     </span>
     <span class='ocr_line' id='line_1_14' title="bbox 61 1351 1071 1439; baseline 0.002 -21"><span class='ocrx_word' id='word_1_93' title='bbox 61 1353 160 1436; x_wconf 87' lang='lat' dir='ltr'>adeo,</span> <span class='ocrx_word' id='word_1_94' title='bbox 182 1351 316 1436; x_wconf 85' lang='lat' dir='ltr'>iudices,</span> <span class='ocrx_word' id='word_1_95' title='bbox 338 1355 377 1419; x_wconf 91' lang='lat' dir='ltr'>ut</span> <span class='ocrx_word' id='word_1_96' title='bbox 395 1352 477 1418; x_wconf 89' lang='lat' dir='ltr'>mihi</span> <span class='ocrx_word' id='word_1_97' title='bbox 500 1352 631 1419; x_wconf 89' lang='lat' dir='ltr'>abillis</span> <span class='ocrx_word' id='word_1_98' title='bbox 656 1353 914 1420; x_wconf 86' lang='lat' dir='ltr'>demonstratum</span> <span class='ocrx_word' id='word_1_99' title='bbox 937 1356 1001 1439; x_wconf 90' lang='lat' dir='ltr'>est,</span> <span class='ocrx_word' id='word_1_100' title='bbox 1024 1354 1071 1420; x_wconf 90' lang='lat' dir='ltr'>sic</span> 
     </span>
     <span class='ocr_line' id='line_1_15' title="bbox 59 1440 478 1526; baseline -0.005 -17"><span class='ocrx_word' id='word_1_101' title='bbox 59 1462 122 1509; x_wconf 77' lang='lat' dir='ltr'>vos</span> <span class='ocrx_word' id='word_1_102' title='bbox 146 1462 186 1506; x_wconf 80' lang='lat' dir='ltr'>ex</span> <span class='ocrx_word' id='word_1_103' title='bbox 210 1462 260 1506; x_wconf 90' lang='lat' dir='ltr'>me</span> <span class='ocrx_word' id='word_1_104' title='bbox 284 1440 478 1526; x_wconf 82' lang='lat' dir='ltr'>cognoscite.</span> 
     </span>
    </p>

    <p class='ocr_par' dir='ltr' id='par_1_4' title="bbox 27 1501 1126 1965">
     <span class='ocr_line' id='line_1_16' title="bbox 27 1501 1126 1629; baseline 0.005 -39"><span class='ocrx_word' id='word_1_105' title='bbox 27 1548 48 1590; x_wconf 85' lang='lat' dir='ltr'>u</span> <span class='ocrx_word' id='word_1_106' title='bbox 121 1527 204 1594; x_wconf 79' lang='lat' dir='ltr'>Mos</span> <span class='ocrx_word' id='word_1_107' title='bbox 227 1532 278 1594; x_wconf 90' lang='lat' dir='ltr'>est</span> <span class='ocrx_word' id='word_1_108' title='bbox 301 1526 481 1613; x_wconf 82' lang='lat' dir='ltr'>Syracusis,</span> <span class='ocrx_word' id='word_1_109' title='bbox 509 1533 559 1614; x_wconf 92' lang='lat' dir='ltr'>ut,</span> <span class='ocrx_word' id='word_1_110' title='bbox 582 1529 611 1594; x_wconf 93' lang='lat' dir='ltr'>si</span> <span class='ocrx_word' id='word_1_111' title='bbox 634 1551 698 1614; x_wconf 91' lang='lat' dir='ltr'>qua</span> <span class='ocrx_word' id='word_1_112' title='bbox 721 1529 760 1595; x_wconf 89' lang='lat' dir='ltr'>de</span> <span class='ocrx_word' id='word_1_113' title='bbox 780 1551 815 1595; x_wconf 87' lang='lat' dir='ltr'>re</span> <span class='ocrx_word' id='word_1_114' title='bbox 839 1529 880 1596; x_wconf 87' lang='lat' dir='ltr'>ad</span> <span class='ocrx_word' id='word_1_115' title='bbox 904 1535 1052 1596; x_wconf 90' lang='lat' dir='ltr'>senatum</span> <span class='ocrx_word' id='word_1_116' title='bbox 1073 1501 1126 1629; x_wconf 43' lang='grc' dir='ltr'>ξιξ</span> 
     </span>
     <span class='ocr_line' id='line_1_17' title="bbox 60 1616 1071 1702; baseline 0 -18"><span class='ocrx_word' id='word_1_117' title='bbox 60 1617 235 1702; x_wconf 87' lang='lat' dir='ltr'>referatur,</span> <span class='ocrx_word' id='word_1_118' title='bbox 253 1616 339 1682; x_wconf 88' lang='lat' dir='ltr'>dieat</span> <span class='ocrx_word' id='word_1_119' title='bbox 353 1616 557 1700; x_wconf 88' lang='lat' dir='ltr'>sententiam,</span> <span class='ocrx_word' id='word_1_120' title='bbox 576 1618 632 1701; x_wconf 90' lang='lat' dir='ltr'>qui</span> <span class='ocrx_word' id='word_1_121' title='bbox 649 1618 744 1702; x_wconf 80' lang='lat' dir='ltr'>velit3</span> <span class='ocrx_word' id='word_1_122' title='bbox 761 1618 955 1684; x_wconf 89' lang='lat' dir='ltr'>nominatim</span> <span class='ocrx_word' id='word_1_123' title='bbox 975 1640 1071 1684; x_wconf 88' lang='lat' dir='ltr'>nemo</span> 
     </span>
     <span class='ocr_line' id='line_1_18' title="bbox 60 1699 1072 1792; baseline 0 -20"><span class='ocrx_word' id='word_1_124' title='bbox 60 1710 210 1792; x_wconf 83' lang='lat' dir='ltr'>rogatur,</span> <span class='ocrx_word' id='word_1_125' title='bbox 233 1709 267 1770; x_wconf 91' lang='lat' dir='ltr'>et</span> <span class='ocrx_word' id='word_1_126' title='bbox 288 1709 407 1789; x_wconf 65' lang='lat' dir='ltr'>tanuen</span> <span class='ocrx_word' id='word_1_127' title='bbox 430 1699 626 1790; x_wconf 77' lang='lat' dir='ltr'>utquisque</span> <span class='ocrx_word' id='word_1_128' title='bbox 650 1708 757 1770; x_wconf 88' lang='lat' dir='ltr'>aetate</span> <span class='ocrx_word' id='word_1_129' title='bbox 780 1705 960 1771; x_wconf 87' lang='lat' dir='ltr'>ethonore</span> <span class='ocrx_word' id='word_1_130' title='bbox 983 1710 1072 1772; x_wconf 78' lang='lat' dir='ltr'>ante</span> 
     </span>
     <span class='ocr_line' id='line_1_19' title="bbox 62 1793 1072 1879; baseline -0.001 -18"><span class='ocrx_word' id='word_1_131' title='bbox 62 1795 165 1878; x_wconf 85' lang='lat' dir='ltr'>cedit,</span> <span class='ocrx_word' id='word_1_132' title='bbox 195 1794 243 1858; x_wconf 89' lang='lat' dir='ltr'>ita</span> <span class='ocrx_word' id='word_1_133' title='bbox 271 1793 395 1879; x_wconf 81' lang='lat' dir='ltr'>primus</span> <span class='ocrx_word' id='word_1_134' title='bbox 423 1794 508 1859; x_wconf 92' lang='lat' dir='ltr'>solet</span> <span class='ocrx_word' id='word_1_135' title='bbox 535 1814 593 1858; x_wconf 86' lang='lat' dir='ltr'>sua</span> <span class='ocrx_word' id='word_1_136' title='bbox 621 1796 737 1877; x_wconf 84' lang='lat' dir='ltr'>sponte</span> <span class='ocrx_word' id='word_1_137' title='bbox 765 1793 884 1877; x_wconf 88' lang='lat' dir='ltr'>dicere,</span> <span class='ocrx_word' id='word_1_138' title='bbox 914 1793 1024 1878; x_wconf 88' lang='lat' dir='ltr'>itaque</span> <span class='ocrx_word' id='word_1_139' title='bbox 1052 1816 1072 1860; x_wconf 87' lang='lat' dir='ltr'>a</span> 
     </span>
     <span class='ocr_line' id='line_1_20' title="bbox 62 1880 1071 1965; baseline -0.003 -16"><span class='ocrx_word' id='word_1_140' title='bbox 62 1882 181 1949; x_wconf 84' lang='lat' dir='ltr'>ceteris</span> <span class='ocrx_word' id='word_1_141' title='bbox 201 1881 231 1948; x_wconf 89' lang='lat' dir='ltr'>ei</span> <span class='ocrx_word' id='word_1_142' title='bbox 249 1881 446 1964; x_wconf 80' lang='lat' dir='ltr'>conceditur3</span> <span class='ocrx_word' id='word_1_143' title='bbox 467 1881 519 1946; x_wconf 89' lang='lat' dir='ltr'>sin</span> <span class='ocrx_word' id='word_1_144' title='bbox 537 1880 710 1964; x_wconf 90' lang='lat' dir='ltr'>aliquando</span> <span class='ocrx_word' id='word_1_145' title='bbox 728 1884 838 1948; x_wconf 90' lang='lat' dir='ltr'>tacent</span> <span class='ocrx_word' id='word_1_146' title='bbox 857 1902 978 1965; x_wconf 89' lang='lat' dir='ltr'>omnes,</span> <span class='ocrx_word' id='word_1_147' title='bbox 1000 1885 1071 1947; x_wconf 90' lang='lat' dir='ltr'>tum</span> 
     </span>
    </p>

    <p class='ocr_par' dir='ltr' id='par_1_5' title="bbox 27 1967 1073 2424">
     <span class='ocr_line' id='line_1_21' title="bbox 27 1967 1072 2056; baseline -0.001 -19"><span class='ocrx_word' id='word_1_148' title='bbox 27 1989 50 2030; x_wconf 57' lang='grc' dir='ltr'>πο</span> <span class='ocrx_word' id='word_1_149' title='bbox 63 1971 184 2038; x_wconf 87' lang='lat' dir='ltr'>sortito</span> <span class='ocrx_word' id='word_1_150' title='bbox 203 1974 363 2056; x_wconf 83' lang='lat' dir='ltr'>eoguntur</span> <span class='ocrx_word' id='word_1_151' title='bbox 387 1969 500 2035; x_wconf 84' lang='lat' dir='ltr'>dicere.</span> <span class='ocrx_word' id='word_1_152' title='bbox 540 1967 622 2034; x_wconf 77' lang='lat' dir='ltr'>(lum</span> <span class='ocrx_word' id='word_1_153' title='bbox 644 1968 697 2035; x_wconf 91' lang='lat' dir='ltr'>hic</span> <span class='ocrx_word' id='word_1_154' title='bbox 720 1989 791 2034; x_wconf 90' lang='lat' dir='ltr'>mos</span> <span class='ocrx_word' id='word_1_155' title='bbox 815 1973 910 2053; x_wconf 88' lang='lat' dir='ltr'>esset,</span> <span class='ocrx_word' id='word_1_156' title='bbox 932 1969 1072 2036; x_wconf 86' lang='lat' dir='ltr'>refertur</span> 
     </span>
     <span class='ocr_line' id='line_1_22' title="bbox 64 2054 1073 2143; baseline -0.002 -17"><span class='ocrx_word' id='word_1_157' title='bbox 64 2060 107 2126; x_wconf 87' lang='lat' dir='ltr'>ad</span> <span class='ocrx_word' id='word_1_158' title='bbox 125 2062 275 2124; x_wconf 90' lang='lat' dir='ltr'>senatum</span> <span class='ocrx_word' id='word_1_159' title='bbox 294 2058 333 2124; x_wconf 91' lang='lat' dir='ltr'>de</span> <span class='ocrx_word' id='word_1_160' title='bbox 351 2057 538 2123; x_wconf 88' lang='lat' dir='ltr'>laudatione</span> <span class='ocrx_word' id='word_1_161' title='bbox 551 2055 672 2122; x_wconf 88' lang='lat' dir='ltr'>Verris.</span> <span class='ocrx_word' id='word_1_162' title='bbox 712 2054 752 2122; x_wconf 90' lang='lat' dir='ltr'>In</span> <span class='ocrx_word' id='word_1_163' title='bbox 774 2079 838 2141; x_wconf 93' lang='lat' dir='ltr'>quo</span> <span class='ocrx_word' id='word_1_164' title='bbox 860 2055 1012 2143; x_wconf 77' lang='lat' dir='ltr'>primm,</span> <span class='ocrx_word' id='word_1_165' title='bbox 1034 2061 1073 2124; x_wconf 93' lang='lat' dir='ltr'>ut</span> 
     </span>
     <span class='ocr_line' id='line_1_23' title="bbox 63 2143 1073 2232; baseline -0.002 -18"><span class='ocrx_word' id='word_1_166' title='bbox 63 2146 190 2232; x_wconf 89' lang='lat' dir='ltr'>aliquid</span> <span class='ocrx_word' id='word_1_167' title='bbox 211 2150 297 2212; x_wconf 83' lang='lat' dir='ltr'>esset</span> <span class='ocrx_word' id='word_1_168' title='bbox 320 2167 439 2229; x_wconf 85' lang='lat' dir='ltr'>morae,</span> <span class='ocrx_word' id='word_1_169' title='bbox 461 2145 558 2211; x_wconf 88' lang='lat' dir='ltr'>multi</span> <span class='ocrx_word' id='word_1_170' title='bbox 580 2144 805 2230; x_wconf 80' lang='lat' dir='ltr'>interpellant3</span> <span class='ocrx_word' id='word_1_171' title='bbox 828 2145 867 2210; x_wconf 91' lang='lat' dir='ltr'>de</span> <span class='ocrx_word' id='word_1_172' title='bbox 886 2143 958 2211; x_wconf 84' lang='lat' dir='ltr'>Sex.</span> <span class='ocrx_word' id='word_1_173' title='bbox 972 2145 1073 2213; x_wconf 89' lang='lat' dir='ltr'>Pedu-</span> 
     </span>
     <span class='ocr_line' id='line_1_24' title="bbox 63 2232 1072 2321; baseline -0.003 -19"><span class='ocrx_word' id='word_1_174' title='bbox 63 2257 156 2319; x_wconf 85' lang='lat' dir='ltr'>caeo,</span> <span class='ocrx_word' id='word_1_175' title='bbox 188 2235 244 2318; x_wconf 91' lang='lat' dir='ltr'>qui</span> <span class='ocrx_word' id='word_1_176' title='bbox 276 2233 314 2299; x_wconf 92' lang='lat' dir='ltr'>de</span> <span class='ocrx_word' id='word_1_177' title='bbox 345 2234 403 2298; x_wconf 91' lang='lat' dir='ltr'>illa</span> <span class='ocrx_word' id='word_1_178' title='bbox 434 2232 567 2300; x_wconf 85' lang='lat' dir='ltr'>civitate</span> <span class='ocrx_word' id='word_1_179' title='bbox 593 2236 728 2318; x_wconf 88' lang='lat' dir='ltr'>totaque</span> <span class='ocrx_word' id='word_1_180' title='bbox 755 2233 923 2319; x_wconf 86' lang='lat' dir='ltr'>provincia</span> <span class='ocrx_word' id='word_1_181' title='bbox 950 2235 1072 2321; x_wconf 90' lang='lat' dir='ltr'>optime</span> 
     </span>
     <span class='ocr_line' id='line_1_25' title="bbox 48 2320 1072 2424; baseline -0.002 -34"><span class='ocrx_word' id='word_1_182' title='bbox 48 2324 201 2390; x_wconf 85' lang='lat' dir='ltr'>‘meritus</span> <span class='ocrx_word' id='word_1_183' title='bbox 220 2326 319 2406; x_wconf 89' lang='lat' dir='ltr'>esset,</span> <span class='ocrx_word' id='word_1_184' title='bbox 342 2341 412 2386; x_wconf 80' lang='lat' dir='ltr'>sese</span> <span class='ocrx_word' id='word_1_185' title='bbox 435 2324 545 2404; x_wconf 87' lang='lat' dir='ltr'>antea,</span> <span class='ocrx_word' id='word_1_186' title='bbox 566 2343 640 2386; x_wconf 90' lang='lat' dir='ltr'>cum</span> <span class='ocrx_word' id='word_1_187' title='bbox 663 2320 829 2386; x_wconf 86' lang='lat' dir='ltr'>audissent</span> <span class='ocrx_word' id='word_1_188' title='bbox 852 2322 882 2386; x_wconf 91' lang='lat' dir='ltr'>ei</span> <span class='ocrx_word' id='word_1_189' title='bbox 903 2323 1072 2424; x_wconf 74' lang='lat' dir='ltr'>negotium</span> 
     </span>
    </p>

    <p class='ocr_par' dir='ltr' id='par_1_6' title="bbox 29 2408 1182 2847">
     <span class='ocr_line' id='line_1_26' title="bbox 29 2408 1072 2495; baseline 0.002 -23"><span class='ocrx_word' id='word_1_190' title='bbox 29 2431 50 2472; x_wconf 81' lang='lat' dir='ltr'>u</span> <span class='ocrx_word' id='word_1_191' title='bbox 63 2411 268 2495; x_wconf 82' lang='lat' dir='ltr'>lacessitum,</span> <span class='ocrx_word' id='word_1_192' title='bbox 299 2431 435 2494; x_wconf 89' lang='lat' dir='ltr'>cumque</span> <span class='ocrx_word' id='word_1_193' title='bbox 467 2429 540 2474; x_wconf 88' lang='lat' dir='ltr'>eum</span> <span class='ocrx_word' id='word_1_194' title='bbox 571 2408 700 2493; x_wconf 89' lang='lat' dir='ltr'>publice</span> <span class='ocrx_word' id='word_1_195' title='bbox 731 2431 792 2493; x_wconf 93' lang='lat' dir='ltr'>pro</span> <span class='ocrx_word' id='word_1_196' title='bbox 823 2409 973 2492; x_wconf 91' lang='lat' dir='ltr'>plurim1s</span> <span class='ocrx_word' id='word_1_197' title='bbox 1004 2411 1072 2475; x_wconf 90' lang='lat' dir='ltr'>eius</span> 
     </span>
     <span class='ocr_line' id='line_1_27' title="bbox 64 2493 1073 2581; baseline -0.005 -14"><span class='ocrx_word' id='word_1_198' title='bbox 64 2505 99 2568; x_wconf 89' lang='lat' dir='ltr'>et</span> <span class='ocrx_word' id='word_1_199' title='bbox 121 2499 274 2566; x_wconf 88' lang='lat' dir='ltr'>maximis</span> <span class='ocrx_word' id='word_1_200' title='bbox 296 2498 422 2566; x_wconf 89' lang='lat' dir='ltr'>meritis</span> <span class='ocrx_word' id='word_1_201' title='bbox 446 2496 578 2562; x_wconf 86' lang='lat' dir='ltr'>laudare</span> <span class='ocrx_word' id='word_1_202' title='bbox 601 2499 763 2580; x_wconf 86' lang='lat' dir='ltr'>cuperent,</span> <span class='ocrx_word' id='word_1_203' title='bbox 787 2518 806 2561; x_wconf 92' lang='lat' dir='ltr'>a</span> <span class='ocrx_word' id='word_1_204' title='bbox 827 2493 863 2561; x_wconf 81' lang='grc' dir='ltr'>Ο.</span> <span class='ocrx_word' id='word_1_205' title='bbox 875 2494 977 2561; x_wconf 85' lang='lat' dir='ltr'>Verre</span> <span class='ocrx_word' id='word_1_206' title='bbox 1000 2519 1073 2581; x_wconf 90' lang='lat' dir='ltr'>pro-</span> 
     </span>
     <span class='ocr_line' id='line_1_28' title="bbox 63 2582 1074 2670; baseline -0.004 -16"><span class='ocrx_word' id='word_1_207' title='bbox 63 2589 189 2655; x_wconf 88' lang='lat' dir='ltr'>hibitos</span> <span class='ocrx_word' id='word_1_208' title='bbox 212 2607 295 2670; x_wconf 80' lang='lat' dir='ltr'>esse3</span> <span class='ocrx_word' id='word_1_209' title='bbox 320 2586 467 2670; x_wconf 89' lang='lat' dir='ltr'>iniquum</span> <span class='ocrx_word' id='word_1_210' title='bbox 491 2604 575 2666; x_wconf 87' lang='lat' dir='ltr'>esse,</span> <span class='ocrx_word' id='word_1_211' title='bbox 596 2583 731 2650; x_wconf 88' lang='lat' dir='ltr'>tametsi</span> <span class='ocrx_word' id='word_1_212' title='bbox 752 2582 938 2650; x_wconf 89' lang='lat' dir='ltr'>Peducaeus</span> <span class='ocrx_word' id='word_1_213' title='bbox 961 2605 1074 2650; x_wconf 88' lang='lat' dir='ltr'>eorum</span> 
     </span>
     <span class='ocr_line' id='line_1_29' title="bbox 64 2670 1182 2757; baseline -0.006 -14"><span class='ocrx_word' id='word_1_214' title='bbox 64 2676 253 2743; x_wconf 87' lang='lat' dir='ltr'>laudatione</span> <span class='ocrx_word' id='word_1_215' title='bbox 276 2675 342 2740; x_wconf 89' lang='lat' dir='ltr'>iam</span> <span class='ocrx_word' id='word_1_216' title='bbox 364 2695 431 2739; x_wconf 91' lang='lat' dir='ltr'>non</span> <span class='ocrx_word' id='word_1_217' title='bbox 453 2676 609 2756; x_wconf 88' lang='lat' dir='ltr'>uteretur,</span> <span class='ocrx_word' id='word_1_218' title='bbox 631 2675 742 2738; x_wconf 88' lang='lat' dir='ltr'>tamen</span> <span class='ocrx_word' id='word_1_219' title='bbox 763 2693 830 2739; x_wconf 90' lang='lat' dir='ltr'>non</span> <span class='ocrx_word' id='word_1_220' title='bbox 851 2670 885 2737; x_wconf 88' lang='lat' dir='ltr'>id</span> <span class='ocrx_word' id='word_1_221' title='bbox 907 2671 998 2757; x_wconf 88' lang='lat' dir='ltr'>prius</span> <span class='ocrx_word' id='word_1_222' title='bbox 1022 2671 1073 2736; x_wconf 88' lang='lat' dir='ltr'>de·</span> <span class='ocrx_word' id='word_1_223' title='bbox 1177 2726 1182 2736; x_wconf 78' lang='grc'>.</span> 
     </span>
     <span class='ocr_line' id='line_1_30' title="bbox 64 2759 1073 2847; baseline -0.009 -15"><span class='ocrx_word' id='word_1_224' title='bbox 64 2785 209 2847; x_wconf 86' lang='lat' dir='ltr'>eernere,</span> <span class='ocrx_word' id='word_1_225' title='bbox 236 2762 322 2847; x_wconf 90' lang='lat' dir='ltr'>quod</span> <span class='ocrx_word' id='word_1_226' title='bbox 349 2761 523 2846; x_wconf 86' lang='lat' dir='ltr'>aliquando</span> <span class='ocrx_word' id='word_1_227' title='bbox 550 2760 744 2845; x_wconf 80' lang='lat' dir='ltr'>voluissent,</span> <span class='ocrx_word' id='word_1_228' title='bbox 773 2781 871 2844; x_wconf 89' lang='lat' dir='ltr'>quam</span> <span class='ocrx_word' id='word_1_229' title='bbox 894 2759 979 2844; x_wconf 77' lang='lat' dir='ltr'>qtiod</span> <span class='ocrx_word' id='word_1_230' title='bbox 1001 2763 1073 2824; x_wconf 90' lang='lat' dir='ltr'>tum</span> 
     </span>
    </p>

    <p class='ocr_par' dir='ltr' id='par_1_7' title="bbox 28 2847 1127 3290">
     <span class='ocr_line' id='line_1_31' title="bbox 28 2847 1127 2939; baseline -0.01 -18"><span class='ocrx_word' id='word_1_231' title='bbox 28 2871 51 2912; x_wconf 70' lang='grc' dir='ltr'><strong><em>ω</em></strong></span> <span class='ocrx_word' id='word_1_232' title='bbox 65 2854 267 2939; x_wconf 82' lang='lat' dir='ltr'>cogerentur.</span> <span class='ocrx_word' id='word_1_233' title='bbox 299 2849 515 2917; x_wconf 80' lang='lat' dir='ltr'>Conclamant</span> <span class='ocrx_word' id='word_1_234' title='bbox 532 2870 643 2914; x_wconf 88' lang='lat' dir='ltr'>omnes</span> <span class='ocrx_word' id='word_1_235' title='bbox 663 2852 696 2914; x_wconf 90' lang='lat' dir='ltr'>et</span> <span class='ocrx_word' id='word_1_236' title='bbox 714 2847 896 2933; x_wconf 89' lang='lat' dir='ltr'>adprobant</span> <span class='ocrx_word' id='word_1_237' title='bbox 914 2847 962 2914; x_wconf 87' lang='lat' dir='ltr'>ita</span> <span class='ocrx_word' id='word_1_238' title='bbox 983 2847 1055 2912; x_wconf 87' lang='lat' dir='ltr'>fieri</span> <span class='ocrx_word' id='word_1_239' title='bbox 1075 2859 1127 2910; x_wconf 79' lang='lat'>143</span> 
     </span>
     <span class='ocr_line' id='line_1_32' title="bbox 64 2935 1074 3109; baseline -0.005 -15"><span class='ocrx_word' id='word_1_240' title='bbox 64 2943 240 3095; x_wconf 51' lang='lat' dir='ltr'>titt,</span> <span class='ocrx_word' id='word_1_241' title='bbox 259 2938 489 3109; x_wconf 51' lang='lat' dir='ltr'>attitulat?</span> <span class='ocrx_word' id='word_1_242' title='bbox 501 2935 774 3091; x_wconf 54' lang='lat' dir='ltr'>diffidunt</span> <span class='ocrx_word' id='word_1_243' title='bbox 787 2957 937 3090; x_wconf 57' lang='lat' dir='ltr'>utut?</span> <span class='ocrx_word' id='word_1_244' title='bbox 953 2939 1074 3089; x_wconf 61' lang='lat' dir='ltr'>elul.</span> 
     </span>
     <span class='ocr_line' id='line_1_33' title="bbox 63 3111 1073 3200; baseline -0.003 -19"><span class='ocrx_word' id='word_1_245' title='bbox 63 3116 102 3183; x_wconf 90' lang='lat' dir='ltr'>Id</span> <span class='ocrx_word' id='word_1_246' title='bbox 134 3116 214 3182; x_wconf 92' lang='lat' dir='ltr'>adeo</span> <span class='ocrx_word' id='word_1_247' title='bbox 247 3137 286 3182; x_wconf 87' lang='lat' dir='ltr'>ax</span> <span class='ocrx_word' id='word_1_248' title='bbox 317 3116 389 3200; x_wconf 86' lang='lat' dir='ltr'>ipso</span> <span class='ocrx_word' id='word_1_249' title='bbox 422 3117 553 3182; x_wconf 88' lang='lat' dir='ltr'>senatus</span> <span class='ocrx_word' id='word_1_250' title='bbox 586 3113 734 3180; x_wconf 88' lang='lat' dir='ltr'>consulto</span> <span class='ocrx_word' id='word_1_251' title='bbox 767 3111 966 3198; x_wconf 55' lang='lat' dir='ltr'>cognoscitu</span> <span class='ocrx_word' id='word_1_252' title='bbox 996 3132 1073 3178; x_wconf 88' lang='lat' dir='ltr'>nam</span> 
     </span>
     <span class='ocr_line' id='line_1_34' title="bbox 63 3199 1072 3290; baseline -0.004 -20"><span class='ocrx_word' id='word_1_253' title='bbox 63 3205 249 3289; x_wconf 87' lang='lat' dir='ltr'>principum</span> <span class='ocrx_word' id='word_1_254' title='bbox 272 3202 452 3270; x_wconf 87' lang='lat' dir='ltr'>sententiae</span> <span class='ocrx_word' id='word_1_255' title='bbox 474 3201 631 3290; x_wconf 87' lang='lat' dir='ltr'>perscribi</span> <span class='ocrx_word' id='word_1_256' title='bbox 655 3201 770 3267; x_wconf 85' lang='lat' dir='ltr'>solent.</span> <span class='ocrx_word' id='word_1_257' title='bbox 809 3199 932 3266; x_wconf 86' lang='lat' dir='ltr'>Recita.</span> <span class='ocrx_word' id='word_1_258' title='bbox 970 3199 1072 3277; x_wconf 80' lang='lat' dir='ltr'>Quen</span> 
     </span>
    </p>

    <p class='ocr_par' dir='ltr' id='par_1_8' title="bbox 29 3286 1074 3555">
     <span class='ocr_line' id='line_1_35' title="bbox 29 3286 1074 3371; baseline -0.008 -11"><span class='ocrx_word' id='word_1_259' title='bbox 29 3309 182 3360; x_wconf 68' lang='lat' dir='ltr'>oannes</span> <span class='ocrx_word' id='word_1_260' title='bbox 214 3308 330 3358; x_wconf 76' lang='lat' dir='ltr'>naeus</span> <span class='ocrx_word' id='word_1_261' title='bbox 363 3308 453 3358; x_wconf 78' lang='lat' dir='ltr'>suar</span> <span class='ocrx_word' id='word_1_262' title='bbox 485 3309 534 3356; x_wconf 83' lang='lat' dir='ltr'>ne</span> <span class='ocrx_word' id='word_1_263' title='bbox 565 3286 645 3355; x_wconf 82' lang='lat' dir='ltr'>Sex.</span> <span class='ocrx_word' id='word_1_264' title='bbox 672 3288 873 3354; x_wconf 75' lang='lat' dir='ltr'>Penucaao.</span> <span class='ocrx_word' id='word_1_265' title='bbox 922 3287 946 3371; x_wconf 91' lang='lat'>†</span> <span class='ocrx_word' id='word_1_266' title='bbox 976 3287 1074 3371; x_wconf 84' lang='lat' dir='ltr'>Dicit,</span> 
     </span>
     <span class='ocr_line' id='line_1_36' title="bbox 63 3375 1073 3466; baseline -0.008 -18"><span class='ocrx_word' id='word_1_267' title='bbox 63 3382 120 3466; x_wconf 89' lang='lat' dir='ltr'>qui</span> <span class='ocrx_word' id='word_1_268' title='bbox 148 3380 247 3466; x_wconf 88' lang='lat' dir='ltr'>primi</span> <span class='ocrx_word' id='word_1_269' title='bbox 270 3380 440 3447; x_wconf 87' lang='lat' dir='ltr'>suaserint.</span> <span class='ocrx_word' id='word_1_270' title='bbox 481 3377 683 3445; x_wconf 87' lang='lat' dir='ltr'>Decernitur.</span> <span class='ocrx_word' id='word_1_271' title='bbox 723 3375 875 3443; x_wconf 85' lang='lat' dir='ltr'>Refertur</span> <span class='ocrx_word' id='word_1_272' title='bbox 898 3375 1010 3442; x_wconf 86' lang='lat' dir='ltr'>deinde</span> <span class='ocrx_word' id='word_1_273' title='bbox 1034 3376 1073 3440; x_wconf 91' lang='lat' dir='ltr'>de</span> 
     </span>
     <span class='ocr_line' id='line_1_37' title="bbox 63 3465 1073 3555; baseline -0.01 -19"><span class='ocrx_word' id='word_1_274' title='bbox 63 3469 176 3536; x_wconf 87' lang='lat' dir='ltr'>Verre.</span> <span class='ocrx_word' id='word_1_275' title='bbox 216 3467 287 3555; x_wconf 86' lang='lat' dir='ltr'>Dia,</span> <span class='ocrx_word' id='word_1_276' title='bbox 310 3490 440 3554; x_wconf 86' lang='lat' dir='ltr'>quaeso,</span> <span class='ocrx_word' id='word_1_277' title='bbox 464 3489 527 3552; x_wconf 90' lang='lat' dir='ltr'>quo</span> <span class='ocrx_word' id='word_1_278' title='bbox 546 3466 664 3533; x_wconf 81' lang='lat' dir='ltr'>modo?</span> <span class='ocrx_word' id='word_1_279' title='bbox 697 3465 799 3543; x_wconf 81' lang='lat' dir='ltr'>Quen</span> <span class='ocrx_word' id='word_1_280' title='bbox 820 3482 935 3531; x_wconf 75' lang='lat' dir='ltr'>vulsas</span> <span class='ocrx_word' id='word_1_281' title='bbox 958 3480 1073 3532; x_wconf 72' lang='lat' dir='ltr'>uacua</span> 
     </span>
    </p>
   </div>
   <div class='ocr_carea' id='block_1_4' title="bbox 0 0 1208 3928">
    <p class='ocr_par' dir='ltr' id='par_1_9' title="bbox 0 0 1208 3928">
     <span class='ocr_line' id='line_1_38' title="bbox 0 0 1208 3928; baseline 0 0"><span class='ocrx_word' id='word_1_282' title='bbox 0 0 1208 3928; x_wconf 95' lang='lat' dir='ltr'> </span> 
     </span>
    </p>
   </div>
  </div>
 </body>
</html>
