2392 3944
159 189 223 254 238
455 187 495 242 IN
514 189 543 244 O.
561 187 716 244 VERREM
734 187 813 242 lor.
831 187 865 241 ΙΙ.
906 183 908 199 ⁴

107 344 156 408 rou
176 336 305 418 gestum
324 354 394 400 esse
417 331 598 398 concedam.
634 331 690 415 At,
712 332 816 414 credo,
839 329 993 396 Sthenius
1014 330 1074 396 hoc
1093 329 1149 394 sibi

159 421 304 506 amplum
315 421 451 506 putavit,
465 420 586 505 eligere
601 442 640 484 ex
655 420 773 486 civium
786 419 1007 485 Romanorum
1020 439 1150 498 numero,

159 530 198 574 ex
229 510 405 575 amicorum
438 512 534 592 atque
566 508 733 592 hospitum
765 529 898 574 suorum
930 507 1035 592 copia,
1066 527 1149 589 quen

158 598 360 685 cognitorem
397 597 497 662 daret.
552 596 655 673 Quem
691 597 833 682 delegit?
871 595 944 680 quis
976 596 1011 660 in
1039 593 1150 660 tabulis

159 687 298 771 scriptus
315 684 387 750 eet?
423 684 458 750 Ο.
471 683 626 750 Claudius
646 683 682 750 Ο.
695 683 731 750 F.
742 683 904 750 Palatina.
940 682 1017 750 Non
1035 698 1170 767 quaerut

159 775 230 858 quis
245 775 297 840 hic
313 774 356 837 sit
369 771 533 857 Claudius,
552 795 648 858 quam
667 773 863 858 splendidus,
881 794 981 856 quarn
998 772 1151 852 honestus,

158 883 256 946 quam
286 861 435 944 idoneus,
466 865 599 946 propter
625 862 717 926 cuius
745 861 975 926 auctoritatem
1002 863 1035 925 et
1061 858 1152 944 digni·

157 953 260 1014 tatem
288 948 440 1014 Sthenius
472 950 514 1014 ab
546 949 690 1015 omnium
719 947 899 1015 Siculorum
933 947 1151 1014 consuetudine

157 1037 335 1104 discederet
347 1042 381 1103 et
396 1039 500 1103 civem
513 1035 698 1102 Romanum
716 1037 919 1122 cognitorem
937 1035 1039 1102 daret
1070 1033 1150 1100 Nihil

156 1127 274 1192 horum
289 1147 420 1211 quaeum
438 1125 580 1192 fortasse
598 1126 685 1190 enim
703 1123 855 1190 Sthenius
873 1147 940 1190 non
958 1123 1151 1210 splendorem
1162 1137 1179 1176 ¹⁰

157 1214 312 1299 hominis,
347 1215 403 1280 sed
433 1214 693 1280 familiaritatem
725 1217 853 1278 secutus
885 1217 945 1278 est.
995 1211 1099 1287 Quid?
1129 1211 1152 1276 si

158 1303 301 1368 omnium
325 1303 512 1368 mortalium
533 1305 628 1367 nemo
647 1299 783 1367 Sthenio
805 1301 967 1366 inimicior
990 1323 1087 1384 quam
1107 1300 1151 1364 hic

157 1388 191 1455 O.
216 1388 370 1456 Claudius
398 1411 470 1454 cum
498 1412 639 1475 semper,
669 1394 740 1456 tum
766 1389 802 1454 in
827 1389 879 1454 his
905 1389 987 1474 ipsis
1011 1389 1104 1454 rebus
1125 1391 1151 1450 et

156 1477 357 1561 temporibus
374 1477 446 1560 fuit,
465 1477 492 1542 si
511 1477 550 1542 de
569 1477 688 1543 litteris
708 1476 867 1562 corruptis
886 1481 1002 1542 contra
1019 1477 1112 1559 venit,
1129 1475 1151 1538 si

156 1569 270 1630 contra
284 1564 372 1629 omni
385 1564 512 1633 ratione
525 1566 694 1651 pugnavit,
706 1569 816 1632 utrum
829 1565 939 1650 potius
952 1587 1014 1650 pro
1028 1563 1150 1630 Sthenio
1161 1575 1179 1616 ¹⁵

155 1652 320 1718 inimicum
335 1653 538 1738 cognitorem
551 1675 622 1718 esse
637 1654 760 1720 factum
778 1675 820 1718 an
838 1657 871 1717 te
889 1653 931 1718 ad
949 1651 1066 1718 Stheni
1081 1652 1150 1737 peri·

102 1799 124 1862 4
125 1800 146 1862 4
156 1742 264 1807 culum
287 1739 409 1806 inimic1
431 1741 500 1808 eius
521 1742 652 1808 nomine
675 1743 813 1807 abusum
836 1763 906 1806 esse
929 1740 1114 1808 credemus?

105 1875 154 1926 108
193 1832 270 1932 ,Ac
296 1851 338 1896 ne
364 1829 425 1914 qui
448 1819 533 1895 forte
561 1830 701 1913 dubitet,
733 1830 822 1896 cuius
850 1827 939 1895 modi
965 1829 1030 1895 hoc
1055 1832 1149 1894 totum

174 1922 217 1983 sit
238 1919 415 2004 negotium,
437 1918 570 1984 tametsi
592 1919 658 1982 iam
680 1919 801 1984 dudum
824 1917 974 1984 omnibus
994 1917 1088 1983 istius
1100 1917 1150 1980 im·

23 2037 28 2050 =
155 2006 353 2090 probitatem
383 2005 587 2091 perspicuam
619 2028 689 2072 esse
718 2005 858 2089 confido,
889 2009 1001 2070 tamen
1028 2005 1179 2091 pculumo

156 2094 254 2193 etiam
295 2093 461 2193 attendite.
517 2091 645 2159 Videtis
669 2095 779 2195 ,illum
820 2093 1007 2195 subcrispo·
1032 2092 1149 2179 capillo,

154 2200 448 2369 tetulit
468 2181 643 2371 {llll
666 2182 1150 2370 tttlt’ttlbltftlt,

154 2359 649 2530 tlstltbltdtlti
673 2355 1179 2530 tlrttlt0tltltltcb

154 2532 274 2597 tionum
279 2582 288 2616 ‚
315 2531 417 2618 pr'ope
440 2534 567 2619 collega
588 2533 787 2605 Timarchidi
807 2534 1056 2618 numerabatur,
1076 2551 1150 2598 nuuc

156 2621 282 2686 obtinet
307 2641 380 2686 eum
403 2622 524 2706 locum,
552 2627 590 2688 ut
611 2623 665 2688 vix
688 2622 835 2707 Apronio
858 2622 909 2686 illi
932 2621 970 2686 de
994 2619 1150 2688 familiari·

154 2711 222 2774 tate
242 2709 414 2776 concedere
432 2711 589 2794 videatur,
612 2710 642 2776 ei
660 2709 716 2793 qui
735 2731 769 2776 se
789 2732 855 2776 non
874 2709 1081 2792 Timarchidi,
1102 2706 1149 2772 sed

104 2806 154 2856 109
171 2797 275 2882 ipsius
289 2796 401 2862 Verris
420 2798 581 2884 collegam
599 2801 632 2864 et
649 2799 773 2864 socium
792 2819 864 2864 esse
887 2798 1023 2864 dicebat
1060 2795 1149 2862 Dubi-

155 2887 224 2951 tate
247 2885 360 2970 etiam,
383 2885 412 2950 si
433 2887 585 2971 potestis,
608 2886 686 2972 quin
709 2908 782 2951 eum
804 2887 868 2952 iste
889 2887 1096 2971 pdtissimum
1117 2893 1180 2948 ex³⁰

155 2973 243 3038 omni
267 2995 402 3040 numero
426 2974 596 3060 delegerit,
624 2975 676 3041 cui
701 2975 786 3041 hanc
813 2975 992 3062 cognitoris
1011 2975 1089 3042 falsi
1100 2976 1148 3040 im·

154 3060 292 3160 probam
323 3085 497 3148 personam
528 3063 722 3147 imponeret,
756 3084 852 3147 quem
883 3067 917 3129 et
948 3062 1023 3128 huic
1054 3061 1150 3159 inimi·

50 3160 56 3178 “
155 3167 320 3214 crssrmum
339 3155 372 3215 et
395 3150 459 3216 sibi
482 3150 715 3216 amicissimum
736 3173 808 3216 esse
831 3151 1059 3216 arbitraretur!
1097 3147 1150 3213 Hrc

154 3255 214 3300 vos
228 3235 429 3322 dubitabitis,
442 3239 572 3323 iudices,
588 3242 716 3304 tautam
729 3239 824 3304 istius
840 3239 1017 3322 audaciam,
1034 3242 1150 3304 tantm

154 3323 392 3407 crudelitatem,
421 3331 549 3392 tentam
575 3326 727 3394 iniuriam
754 3327 938 3393 vindicare?
970 3323 1181 3392 dubitabitne

155 3409 337 3490 exemplum
368 3411 501 3478 illorum
532 3414 673 3480 iudicum
703 3415 808 3498 sequi,
841 3415 896 3498 qui
923 3415 1076 3480 damnato
1103 3411 1150 3478 cc
1183 3419 1184 3448 ¹

154 3491 330 3559 Dolabella
346 3495 587 3566 damnationem
600 3501 785 3567 Philodami
799 3501 935 3587 Opuntii
952 3501 1150 3580 resciderunt,
