<?xml version="1.0" encoding="UTF-8"?>
<!DOCTYPE html PUBLIC "-//W3C//DTD XHTML 1.0 Transitional//EN"
    "http://www.w3.org/TR/xhtml1/DTD/xhtml1-transitional.dtd">
<html xmlns="http://www.w3.org/1999/xhtml" xml:lang="en" lang="en">
 <head>
  <title>
</title>
<meta http-equiv="Content-Type" content="text/html;charset=utf-8" />
  <meta name='ocr-system' content='tesseract 3.04.00' />
  <meta name='ocr-capabilities' content='ocr_page ocr_carea ocr_par ocr_line ocrx_word'/>
</head>
<body>
  <div class='ocr_page' id='page_1' title='image "./mtulliiciceroni02mlgoog/mtulliiciceroni02mlgoog_0311.png"; bbox 0 0 2392 3944; ppageno 0'>
   <div class='ocr_carea' id='block_1_1' title="bbox 151 76 863 197">
    <p class='ocr_par' dir='ltr' id='par_1_1' title="bbox 151 76 863 197">
     <span class='ocr_line' id='line_1_1' title="bbox 151 76 863 197; baseline 0.001 -16"><span class='ocrx_word' id='word_1_1' title='bbox 151 133 218 197; x_wconf 82' lang='lat'><strong>194</strong></span> <span class='ocrx_word' id='word_1_2' title='bbox 439 76 490 182; x_wconf 34' lang='lat' dir='ltr'><strong>&#39;m</strong></span> <span class='ocrx_word' id='word_1_3' title='bbox 509 127 540 184; x_wconf 88' lang='lat' dir='ltr'><strong>e.</strong></span> <span class='ocrx_word' id='word_1_4' title='bbox 557 125 713 182; x_wconf 78' lang='lat' dir='ltr'><strong>vassum</strong></span> <span class='ocrx_word' id='word_1_5' title='bbox 731 126 863 183; x_wconf 78' lang='lat' dir='ltr'><strong>sor-11.</strong></span> 
     </span>
    </p>
   </div>
   <div class='ocr_carea' id='block_1_2' title="bbox 100 272 1195 3445">
    <p class='ocr_par' dir='ltr' id='par_1_2' title="bbox 100 272 1195 3445">
     <span class='ocr_line' id='line_1_2' title="bbox 153 272 1170 359; baseline -0.001 -18"><span class='ocrx_word' id='word_1_6' title='bbox 153 275 272 342; x_wconf 78' lang='lat' dir='ltr'><strong>bonis?</strong></span> <span class='ocrx_word' id='word_1_7' title='bbox 299 273 435 359; x_wconf 91' lang='lat' dir='ltr'><strong>Pupilli,</strong></span> <span class='ocrx_word' id='word_1_8' title='bbox 463 273 552 338; x_wconf 90' lang='lat' dir='ltr'><strong>cuius</strong></span> <span class='ocrx_word' id='word_1_9' title='bbox 579 275 723 338; x_wconf 87' lang='lat' dir='ltr'><strong>aetatem</strong></span> <span class='ocrx_word' id='word_1_10' title='bbox 746 276 780 338; x_wconf 89' lang='lat' dir='ltr'><strong>et</strong></span> <span class='ocrx_word' id='word_1_11' title='bbox 803 272 1029 358; x_wconf 76' lang='lat' dir='ltr'>solitudinem,</span> <span class='ocrx_word' id='word_1_12' title='bbox 1058 275 1170 340; x_wconf 86' lang='lat' dir='ltr'><strong>etiam-</strong></span> 
     </span>
     <span class='ocr_line' id='line_1_3' title="bbox 154 360 1168 446; baseline -0.001 -17"><span class='ocrx_word' id='word_1_13' title='bbox 154 363 183 430; x_wconf 89' lang='lat' dir='ltr'><strong>si</strong></span> <span class='ocrx_word' id='word_1_14' title='bbox 222 367 350 428; x_wconf 87' lang='lat' dir='ltr'><strong>tutores</strong></span> <span class='ocrx_word' id='word_1_15' title='bbox 389 383 457 426; x_wconf 93' lang='lat' dir='ltr'><strong>non</strong></span> <span class='ocrx_word' id='word_1_16' title='bbox 497 364 618 445; x_wconf 89' lang='lat' dir='ltr'><strong>essent,</strong></span> <span class='ocrx_word' id='word_1_17' title='bbox 659 360 830 426; x_wconf 83' lang='lat' dir='ltr'><strong>defendere</strong></span> <span class='ocrx_word' id='word_1_18' title='bbox 871 365 1006 446; x_wconf 88' lang='lat' dir='ltr'><strong>praetor</strong></span> <span class='ocrx_word' id='word_1_19' title='bbox 1049 362 1168 428; x_wconf 80' lang='lat' dir='ltr'><strong>debuit.</strong></span> 
     </span>
     <span class='ocr_line' id='line_1_4' title="bbox 153 447 1169 534; baseline -0.001 -17"><span class='ocrx_word' id='word_1_20' title='bbox 153 451 330 518; x_wconf 71' lang='lat' dir='ltr'><strong>&#39;sutoribus</strong></span> <span class='ocrx_word' id='word_1_21' title='bbox 354 449 597 515; x_wconf 86' lang='lat' dir='ltr'><strong>defendentibus</strong></span> <span class='ocrx_word' id='word_1_22' title='bbox 620 470 686 514; x_wconf 91' lang='lat' dir='ltr'><strong>non</strong></span> <span class='ocrx_word' id='word_1_23' title='bbox 708 447 805 514; x_wconf 93' lang='lat' dir='ltr'><strong>modo</strong></span> <span class='ocrx_word' id='word_1_24' title='bbox 828 450 953 534; x_wconf 87' lang='lat' dir='ltr'><strong>patrias</strong></span> <span class='ocrx_word' id='word_1_25' title='bbox 973 450 1045 514; x_wconf 90' lang='lat' dir='ltr'><strong>eius</strong></span> <span class='ocrx_word' id='word_1_26' title='bbox 1066 451 1169 527; x_wconf 79' lang='lat' dir='ltr'><strong>fortu-</strong></span> 
     </span>
     <span class='ocr_line' id='line_1_5' title="bbox 152 536 1168 624; baseline 0 -18"><span class='ocrx_word' id='word_1_27' title='bbox 152 563 227 624; x_wconf 92' lang='lat' dir='ltr'><strong>nas,</strong></span> <span class='ocrx_word' id='word_1_28' title='bbox 259 540 316 605; x_wconf 89' lang='lat' dir='ltr'><strong>sed</strong></span> <span class='ocrx_word' id='word_1_29' title='bbox 347 539 446 603; x_wconf 91' lang='lat' dir='ltr'><strong>etiam</strong></span> <span class='ocrx_word' id='word_1_30' title='bbox 475 538 561 602; x_wconf 90' lang='lat' dir='ltr'><strong>bona</strong></span> <span class='ocrx_word' id='word_1_31' title='bbox 587 540 734 602; x_wconf 89' lang='lat' dir='ltr'><strong>tutorum</strong></span> <span class='ocrx_word' id='word_1_32' title='bbox 762 536 921 602; x_wconf 87' lang='lat' dir='ltr'><strong>ademisti</strong></span> <span class='ocrx_word' id='word_1_33' title='bbox 966 537 1049 604; x_wconf 84' lang='lat' dir='ltr'><strong>Hoc</strong></span> <span class='ocrx_word' id='word_1_34' title='bbox 1083 557 1168 606; x_wconf 81' lang='lat' dir='ltr'><strong>orus</strong></span> 
     </span>
     <span class='ocr_line' id='line_1_6' title="bbox 153 623 1192 712; baseline -0.002 -17"><span class='ocrx_word' id='word_1_35' title='bbox 153 645 276 695; x_wconf 80' lang='lat' dir='ltr'><strong>soson</strong></span> <span class='ocrx_word' id='word_1_36' title='bbox 303 643 369 692; x_wconf 91' lang='lat' dir='ltr'><strong>suo</strong></span> <span class='ocrx_word' id='word_1_37' title='bbox 396 643 526 702; x_wconf 79' lang='lat' dir='ltr'><strong>eureus</strong></span> <span class='ocrx_word' id='word_1_38' title='bbox 553 642 689 690; x_wconf 82' lang='lat' dir='ltr'><strong>sscmo.</strong></span> <span class='ocrx_word' id='word_1_39' title='bbox 734 623 818 700; x_wconf 80' lang='lat' dir='ltr'><strong>Quid</strong></span> <span class='ocrx_word' id='word_1_40' title='bbox 846 630 897 690; x_wconf 85' lang='lat' dir='ltr'><strong>est</strong></span> <span class='ocrx_word' id='word_1_41' title='bbox 923 624 994 691; x_wconf 77' lang='lat' dir='ltr'><strong>‘suo</strong></span> <span class='ocrx_word' id='word_1_42' title='bbox 1019 627 1192 712; x_wconf 50' lang='lat' dir='ltr'><strong>cuiquem</strong></span> 
     </span>
     <span class='ocr_line' id='line_1_7' title="bbox 100 713 1170 800; baseline 0.005 -23"><span class='ocrx_word' id='word_1_43' title='bbox 100 728 153 778; x_wconf 73' lang='lat'><strong>14⁷</strong></span> <span class='ocrx_word' id='word_1_44' title='bbox 172 716 271 800; x_wconf 87' lang='lat' dir='ltr'><strong>Lapis</strong></span> <span class='ocrx_word' id='word_1_45' title='bbox 282 715 384 798; x_wconf 90' lang='lat' dir='ltr'><strong>aliqui</strong></span> <span class='ocrx_word' id='word_1_46' title='bbox 393 713 571 779; x_wconf 88' lang='lat' dir='ltr'><strong>caedendus</strong></span> <span class='ocrx_word' id='word_1_47' title='bbox 580 716 614 778; x_wconf 84' lang='lat' dir='ltr'><strong>et</strong></span> <span class='ocrx_word' id='word_1_48' title='bbox 624 713 845 798; x_wconf 84' lang='lat' dir='ltr'><strong>apportandus</strong></span> <span class='ocrx_word' id='word_1_49' title='bbox 856 713 920 778; x_wconf 84' lang='lat' dir='ltr'><strong>fuit</strong></span> <span class='ocrx_word' id='word_1_50' title='bbox 931 715 1089 780; x_wconf 88' lang='lat' dir='ltr'><strong>machina</strong></span> <span class='ocrx_word' id='word_1_51' title='bbox 1101 738 1170 800; x_wconf 77' lang='lat' dir='ltr'><strong>sua3</strong></span> 
     </span>
     <span class='ocr_line' id='line_1_8' title="bbox 153 801 1170 890; baseline 0 -21"><span class='ocrx_word' id='word_1_52' title='bbox 153 825 230 869; x_wconf 92' lang='lat' dir='ltr'><strong>nam</strong></span> <span class='ocrx_word' id='word_1_53' title='bbox 241 803 300 867; x_wconf 93' lang='lat' dir='ltr'><strong>illo</strong></span> <span class='ocrx_word' id='word_1_54' title='bbox 311 823 378 868; x_wconf 88' lang='lat' dir='ltr'><strong>non</strong></span> <span class='ocrx_word' id='word_1_55' title='bbox 389 824 512 886; x_wconf 84' lang='lat' dir='ltr'><strong>saxum,</strong></span> <span class='ocrx_word' id='word_1_56' title='bbox 523 823 589 866; x_wconf 92' lang='lat' dir='ltr'><strong>non</strong></span> <span class='ocrx_word' id='word_1_57' title='bbox 599 801 752 868; x_wconf 86' lang='lat' dir='ltr'><strong>materies</strong></span> <span class='ocrx_word' id='word_1_58' title='bbox 765 801 860 882; x_wconf 91' lang='lat' dir='ltr'><strong>[ulla]</strong></span> <span class='ocrx_word' id='word_1_59' title='bbox 872 801 1011 867; x_wconf 87' lang='lat' dir='ltr'><strong>advecta</strong></span> <span class='ocrx_word' id='word_1_60' title='bbox 1023 808 1092 890; x_wconf 88' lang='lat' dir='ltr'><strong>est;</strong></span> <span class='ocrx_word' id='word_1_61' title='bbox 1103 809 1170 869; x_wconf 87' lang='lat' dir='ltr'><strong>tau-</strong></span> 
     </span>
     <span class='ocr_line' id='line_1_9' title="bbox 154 889 1170 975; baseline 0.003 -20"><span class='ocrx_word' id='word_1_62' title='bbox 154 898 224 956; x_wconf 92' lang='lat' dir='ltr'><strong>tum</strong></span> <span class='ocrx_word' id='word_1_63' title='bbox 237 891 344 975; x_wconf 90' lang='lat' dir='ltr'><strong>operis</strong></span> <span class='ocrx_word' id='word_1_64' title='bbox 356 891 392 954; x_wconf 90' lang='lat' dir='ltr'><strong>in</strong></span> <span class='ocrx_word' id='word_1_65' title='bbox 401 890 467 955; x_wconf 88' lang='lat' dir='ltr'><strong>ista</strong></span> <span class='ocrx_word' id='word_1_66' title='bbox 480 890 642 956; x_wconf 86' lang='lat' dir='ltr'><strong>locatione</strong></span> <span class='ocrx_word' id='word_1_67' title='bbox 654 889 727 972; x_wconf 88' lang='lat' dir='ltr'><strong>fuit,</strong></span> <span class='ocrx_word' id='word_1_68' title='bbox 741 894 899 973; x_wconf 88' lang='lat' dir='ltr'><strong>quantum</strong></span> <span class='ocrx_word' id='word_1_69' title='bbox 912 912 1039 974; x_wconf 80' lang='lat' dir='ltr'><strong>paucae</strong></span> <span class='ocrx_word' id='word_1_70' title='bbox 1052 914 1170 975; x_wconf 82' lang='lat' dir='ltr'><strong>operae</strong></span> 
     </span>
     <span class='ocr_line' id='line_1_10' title="bbox 153 978 1169 1060; baseline 0.003 -16"><span class='ocrx_word' id='word_1_71' title='bbox 153 980 321 1044; x_wconf 77' lang='lat' dir='ltr'><strong>fabrorum</strong></span> <span class='ocrx_word' id='word_1_72' title='bbox 344 979 499 1046; x_wconf 88' lang='lat' dir='ltr'><strong>mercedis</strong></span> <span class='ocrx_word' id='word_1_73' title='bbox 520 978 667 1043; x_wconf 88' lang='lat' dir='ltr'><strong>tulerunt</strong></span> <span class='ocrx_word' id='word_1_74' title='bbox 694 981 728 1042; x_wconf 89' lang='lat' dir='ltr'><strong>et</strong></span> <span class='ocrx_word' id='word_1_75' title='bbox 754 999 852 1043; x_wconf 87' lang='lat' dir='ltr'><strong>mauu</strong></span> <span class='ocrx_word' id='word_1_76' title='bbox 879 979 989 1060; x_wconf 69' lang='lat' dir='ltr'><strong>pretii¹</strong></span> <span class='ocrx_word' id='word_1_77' title='bbox 1009 981 1169 1046; x_wconf 83' lang='lat' dir='ltr'><strong>machina.</strong></span> 
     </span>
     <span class='ocr_line' id='line_1_11' title="bbox 153 1065 1195 1150; baseline 0.004 -16"><span class='ocrx_word' id='word_1_78' title='bbox 153 1067 275 1134; x_wconf 87' lang='lat' dir='ltr'><strong>Utrum</strong></span> <span class='ocrx_word' id='word_1_79' title='bbox 298 1066 490 1133; x_wconf 84' lang='lat' dir='ltr'><strong>existimatis</strong></span> <span class='ocrx_word' id='word_1_80' title='bbox 514 1066 621 1131; x_wconf 90' lang='lat' dir='ltr'><strong>minus</strong></span> <span class='ocrx_word' id='word_1_81' title='bbox 644 1065 751 1150; x_wconf 88' lang='lat' dir='ltr'><strong>operis</strong></span> <span class='ocrx_word' id='word_1_82' title='bbox 775 1087 844 1130; x_wconf 88' lang='lat' dir='ltr'><strong>esse</strong></span> <span class='ocrx_word' id='word_1_83' title='bbox 862 1087 961 1131; x_wconf 87' lang='lat' dir='ltr'><strong>uuam</strong></span> <span class='ocrx_word' id='word_1_84' title='bbox 981 1067 1195 1138; x_wconf 82' lang='lat' dir='ltr'><strong>columnama</strong></span> 
     </span>
     <span class='ocr_line' id='line_1_12' title="bbox 155 1153 1168 1240; baseline 0.001 -18"><span class='ocrx_word' id='word_1_85' title='bbox 155 1157 281 1223; x_wconf 84' lang='lat' dir='ltr'><strong>efficere</strong></span> <span class='ocrx_word' id='word_1_86' title='bbox 309 1157 351 1221; x_wconf 88' lang='lat' dir='ltr'><strong>ab</strong></span> <span class='ocrx_word' id='word_1_87' title='bbox 380 1157 509 1240; x_wconf 81' lang='lat' dir='ltr'><strong>integro</strong></span> <span class='ocrx_word' id='word_1_88' title='bbox 535 1174 654 1219; x_wconf 91' lang='lat' dir='ltr'><strong>novam</strong></span> <span class='ocrx_word' id='word_1_89' title='bbox 682 1153 775 1218; x_wconf 89' lang='lat' dir='ltr'><strong>nullo</strong></span> <span class='ocrx_word' id='word_1_90' title='bbox 806 1154 915 1237; x_wconf 89' lang='lat' dir='ltr'><strong>lapide</strong></span> <span class='ocrx_word' id='word_1_91' title='bbox 946 1155 1099 1222; x_wconf 90' lang='lat' dir='ltr'><strong>redivivo</strong></span> <span class='ocrx_word' id='word_1_92' title='bbox 1132 1180 1168 1222; x_wconf 87' lang='lat' dir='ltr'><strong>an</strong></span> 
     </span>
     <span class='ocr_line' id='line_1_13' title="bbox 155 1239 1167 1329; baseline 0.002 -20"><span class='ocrx_word' id='word_1_93' title='bbox 155 1249 311 1329; x_wconf 85' lang='lat' dir='ltr'><strong>quattuor</strong></span> <span class='ocrx_word' id='word_1_94' title='bbox 337 1245 413 1310; x_wconf 89' lang='lat' dir='ltr'><strong>illas</strong></span> <span class='ocrx_word' id='word_1_95' title='bbox 440 1241 617 1327; x_wconf 84' lang='lat' dir='ltr'><strong>reponere?</strong></span> <span class='ocrx_word' id='word_1_96' title='bbox 661 1239 767 1307; x_wconf 90' lang='lat' dir='ltr'><strong>Nemo</strong></span> <span class='ocrx_word' id='word_1_97' title='bbox 790 1242 932 1324; x_wconf 91' lang='lat' dir='ltr'><strong>dubitat,</strong></span> <span class='ocrx_word' id='word_1_98' title='bbox 960 1244 1042 1328; x_wconf 87' lang='lat' dir='ltr'><strong>quin</strong></span> <span class='ocrx_word' id='word_1_99' title='bbox 1063 1247 1167 1310; x_wconf 90' lang='lat' dir='ltr'><strong>multo</strong></span> 
     </span>
     <span class='ocr_line' id='line_1_14' title="bbox 154 1328 1167 1418; baseline 0.001 -20"><span class='ocrx_word' id='word_1_100' title='bbox 154 1334 259 1400; x_wconf 87' lang='lat' dir='ltr'><strong>maius</strong></span> <span class='ocrx_word' id='word_1_101' title='bbox 279 1332 323 1397; x_wconf 90' lang='lat' dir='ltr'><strong>sit</strong></span> <span class='ocrx_word' id='word_1_102' title='bbox 340 1354 460 1398; x_wconf 90' lang='lat' dir='ltr'><strong>novam</strong></span> <span class='ocrx_word' id='word_1_103' title='bbox 475 1330 591 1398; x_wconf 86' lang='lat' dir='ltr'><strong>facere.</strong></span> <span class='ocrx_word' id='word_1_104' title='bbox 626 1328 804 1395; x_wconf 81' lang='lat' dir='ltr'><strong>Ostendam</strong></span> <span class='ocrx_word' id='word_1_105' title='bbox 821 1330 857 1395; x_wconf 90' lang='lat' dir='ltr'><strong>in</strong></span> <span class='ocrx_word' id='word_1_106' title='bbox 875 1330 1010 1396; x_wconf 85' lang='lat' dir='ltr'><strong>aedibus</strong></span> <span class='ocrx_word' id='word_1_107' title='bbox 1029 1333 1167 1418; x_wconf 87' lang='lat' dir='ltr'><strong>privatis</strong></span> 
     </span>
     <span class='ocr_line' id='line_1_15' title="bbox 154 1419 1167 1519; baseline 0.002 -33"><span class='ocrx_word' id='word_1_108' title='bbox 154 1423 255 1506; x_wconf 81' lang='lat' dir='ltr'><strong>longa</strong></span> <span class='ocrx_word' id='word_1_109' title='bbox 282 1420 469 1502; x_wconf 88' lang='lat' dir='ltr'><strong>difficilique</strong></span> <span class='ocrx_word' id='word_1_110' title='bbox 495 1423 628 1486; x_wconf 84' lang='lat' dir='ltr'><strong>vectura</strong></span> <span class='ocrx_word' id='word_1_111' title='bbox 654 1419 821 1519; x_wconf 85' lang='lat' dir='ltr'><strong>columnas</strong></span> <span class='ocrx_word' id='word_1_112' title='bbox 854 1419 1002 1504; x_wconf 81' lang='lat' dir='ltr'><strong>singulas</strong></span> <span class='ocrx_word' id='word_1_113' title='bbox 1035 1421 1079 1486; x_wconf 92' lang='lat' dir='ltr'><strong>ad</strong></span> <span class='ocrx_word' id='word_1_114' title='bbox 1112 1424 1167 1488; x_wconf 89' lang='lat' dir='ltr'><strong>im·</strong></span> 
     </span>
     <span class='ocr_line' id='line_1_16' title="bbox 104 1505 1193 1688; baseline 0.006 -31"><span class='ocrx_word' id='word_1_115' title='bbox 104 1505 849 1680; x_wconf 48' lang='lat' dir='ltr'><strong>ugppppuppepitpmopppdpcrppmnpprprppsa</strong></span> <span class='ocrx_word' id='word_1_116' title='bbox 870 1509 1193 1688; x_wconf 54' lang='lat' dir='ltr'><strong>pppsgnppppppntpips</strong></span> 
     </span>
     <span class='ocr_line' id='line_1_17' title="bbox 154 1682 1166 1771; baseline 0.003 -22"><span class='ocrx_word' id='word_1_117' title='bbox 154 1685 303 1769; x_wconf 89' lang='lat' dir='ltr'><strong>pluribus</strong></span> <span class='ocrx_word' id='word_1_118' title='bbox 324 1682 432 1749; x_wconf 90' lang='lat' dir='ltr'><strong>verbis</strong></span> <span class='ocrx_word' id='word_1_119' title='bbox 455 1682 633 1766; x_wconf 86' lang='lat' dir='ltr'><strong>disputare,</strong></span> <span class='ocrx_word' id='word_1_120' title='bbox 655 1683 849 1767; x_wconf 86' lang='lat' dir='ltr'><strong>praesertim</strong></span> <span class='ocrx_word' id='word_1_121' title='bbox 871 1703 945 1749; x_wconf 89' lang='lat' dir='ltr'><strong>cum</strong></span> <span class='ocrx_word' id='word_1_122' title='bbox 967 1685 1033 1751; x_wconf 80' lang='lat' dir='ltr'><strong>iste</strong></span> <span class='ocrx_word' id='word_1_123' title='bbox 1056 1692 1166 1771; x_wconf 88' lang='lat' dir='ltr'><strong>aperte</strong></span> 
     </span>
     <span class='ocr_line' id='line_1_18' title="bbox 154 1772 1166 1859; baseline 0.003 -22"><span class='ocrx_word' id='word_1_124' title='bbox 154 1776 228 1838; x_wconf 86' lang='lat' dir='ltr'><strong>tota</strong></span> <span class='ocrx_word' id='word_1_125' title='bbox 263 1773 336 1859; x_wconf 79' lang='lat' dir='ltr'><strong>lege</strong></span> <span class='ocrx_word' id='word_1_126' title='bbox 371 1772 515 1838; x_wconf 90' lang='lat' dir='ltr'><strong>omnium</strong></span> <span class='ocrx_word' id='word_1_127' title='bbox 547 1791 729 1836; x_wconf 88' lang='lat' dir='ltr'><strong>sermonem</strong></span> <span class='ocrx_word' id='word_1_128' title='bbox 761 1775 858 1856; x_wconf 86' lang='lat' dir='ltr'><strong>atque</strong></span> <span class='ocrx_word' id='word_1_129' title='bbox 889 1772 1166 1840; x_wconf 70' lang='lat' dir='ltr'><strong>existimationem</strong></span> 
     </span>
     <span class='ocr_line' id='line_1_19' title="bbox 154 1859 1165 1946; baseline -0.001 -19"><span class='ocrx_word' id='word_1_130' title='bbox 154 1861 398 1946; x_wconf 80' lang='lat' dir='ltr'><strong>contempserit,</strong></span> <span class='ocrx_word' id='word_1_131' title='bbox 435 1860 491 1945; x_wconf 91' lang='lat' dir='ltr'><strong>qui</strong></span> <span class='ocrx_word' id='word_1_132' title='bbox 527 1859 626 1925; x_wconf 88' lang='lat' dir='ltr'><strong>etiam</strong></span> <span class='ocrx_word' id='word_1_133' title='bbox 659 1859 701 1924; x_wconf 91' lang='lat' dir='ltr'><strong>ad</strong></span> <span class='ocrx_word' id='word_1_134' title='bbox 730 1863 910 1926; x_wconf 85' lang='lat' dir='ltr'><strong>extremum</strong></span> <span class='ocrx_word' id='word_1_135' title='bbox 941 1861 1165 1946; x_wconf 75' lang='lat' dir='ltr'><strong>adscripserit:</strong></span> 
     </span>
     <span class='ocr_line' id='line_1_20' title="bbox 154 1946 1190 2032; baseline 0.002 -17"><span class='ocrx_word' id='word_1_136' title='bbox 154 1949 332 2015; x_wconf 78' lang='lat' dir='ltr'><strong>anvlvs</strong></span> <span class='ocrx_word' id='word_1_137' title='bbox 360 1965 427 2014; x_wconf 79' lang='lat' dir='ltr'><strong>star</strong></span> <span class='ocrx_word' id='word_1_138' title='bbox 453 1965 605 2031; x_wconf 62' lang='lat' dir='ltr'><strong>marm</strong></span> <span class='ocrx_word' id='word_1_139' title='bbox 638 1946 731 2031; x_wconf 88' lang='lat' dir='ltr'><strong>quasi</strong></span> <span class='ocrx_word' id='word_1_140' title='bbox 761 1948 933 2032; x_wconf 88' lang='lat' dir='ltr'><strong>quiequam</strong></span> <span class='ocrx_word' id='word_1_141' title='bbox 960 1951 1099 2016; x_wconf 80' lang='lat' dir='ltr'><strong>redivivi</strong></span> <span class='ocrx_word' id='word_1_142' title='bbox 1130 1974 1190 2018; x_wconf 79' lang='lat' dir='ltr'><strong>ers</strong></span> 
     </span>
     <span class='ocr_line' id='line_1_21' title="bbox 155 2036 1195 2120; baseline 0.004 -19"><span class='ocrx_word' id='word_1_143' title='bbox 155 2058 251 2119; x_wconf 86' lang='lat' dir='ltr'><strong>opere</strong></span> <span class='ocrx_word' id='word_1_144' title='bbox 277 2036 336 2099; x_wconf 90' lang='lat' dir='ltr'><strong>illo</strong></span> <span class='ocrx_word' id='word_1_145' title='bbox 364 2036 536 2100; x_wconf 88' lang='lat' dir='ltr'><strong>tolleretur</strong></span> <span class='ocrx_word' id='word_1_146' title='bbox 563 2055 600 2099; x_wconf 89' lang='lat' dir='ltr'><strong>ac</strong></span> <span class='ocrx_word' id='word_1_147' title='bbox 626 2056 694 2100; x_wconf 87' lang='lat' dir='ltr'><strong>non</strong></span> <span class='ocrx_word' id='word_1_148' title='bbox 715 2039 823 2101; x_wconf 88' lang='lat' dir='ltr'><strong>totum</strong></span> <span class='ocrx_word' id='word_1_149' title='bbox 845 2059 927 2120; x_wconf 90' lang='lat' dir='ltr'><strong>opus</strong></span> <span class='ocrx_word' id='word_1_150' title='bbox 950 2059 991 2102; x_wconf 86' lang='lat' dir='ltr'><strong>ex</strong></span> <span class='ocrx_word' id='word_1_151' title='bbox 1013 2039 1165 2104; x_wconf 85' lang='lat' dir='ltr'><strong>redivivis</strong></span> <span class='ocrx_word' id='word_1_152' title='bbox 1194 2048 1195 2114; x_wconf 55' lang='grc' dir='ltr'>ζ</span> 
     </span>
     <span class='ocr_line' id='line_1_22' title="bbox 155 2120 1195 2210; baseline 0.006 -22"><span class='ocrx_word' id='word_1_153' title='bbox 155 2123 414 2188; x_wconf 85' lang='lat' dir='ltr'><strong>constitueretur.</strong></span> <span class='ocrx_word' id='word_1_154' title='bbox 459 2120 506 2186; x_wconf 84' lang='lat' dir='ltr'><strong>At</strong></span> <span class='ocrx_word' id='word_1_155' title='bbox 533 2123 632 2205; x_wconf 89' lang='lat' dir='ltr'><strong>enim,</strong></span> <span class='ocrx_word' id='word_1_156' title='bbox 659 2123 688 2186; x_wconf 92' lang='lat' dir='ltr'><strong>si</strong></span> <span class='ocrx_word' id='word_1_157' title='bbox 715 2124 839 2210; x_wconf 92' lang='lat' dir='ltr'><strong>pupillo</strong></span> <span class='ocrx_word' id='word_1_158' title='bbox 863 2125 980 2190; x_wconf 88' lang='lat' dir='ltr'><strong>redimi</strong></span> <span class='ocrx_word' id='word_1_159' title='bbox 1001 2149 1067 2193; x_wconf 88' lang='lat' dir='ltr'><strong>non</strong></span> <span class='ocrx_word' id='word_1_160' title='bbox 1092 2128 1165 2193; x_wconf 79' lang='lat' dir='ltr'><strong>lice</strong></span> <span class='ocrx_word' id='word_1_161' title='bbox 1194 2137 1195 2144; x_wconf 75' lang='grc'>’</span> 
     </span>
     <span class='ocr_line' id='line_1_23' title="bbox 154 2210 1194 2300; baseline 0.01 -24"><span class='ocrx_word' id='word_1_162' title='bbox 154 2210 221 2292; x_wconf 89' lang='lat' dir='ltr'><strong>bat,</strong></span> <span class='ocrx_word' id='word_1_163' title='bbox 239 2230 304 2274; x_wconf 91' lang='lat' dir='ltr'><strong>non</strong></span> <span class='ocrx_word' id='word_1_164' title='bbox 322 2229 452 2274; x_wconf 89' lang='lat' dir='ltr'><strong>necesse</strong></span> <span class='ocrx_word' id='word_1_165' title='bbox 470 2213 541 2273; x_wconf 87' lang='lat' dir='ltr'><strong>erat</strong></span> <span class='ocrx_word' id='word_1_166' title='bbox 558 2231 629 2274; x_wconf 91' lang='lat' dir='ltr'><strong>rem</strong></span> <span class='ocrx_word' id='word_1_167' title='bbox 647 2211 689 2275; x_wconf 89' lang='lat' dir='ltr'><strong>ad</strong></span> <span class='ocrx_word' id='word_1_168' title='bbox 707 2211 814 2297; x_wconf 91' lang='lat' dir='ltr'><strong>ipsum</strong></span> <span class='ocrx_word' id='word_1_169' title='bbox 831 2214 1015 2299; x_wconf 88' lang='lat' dir='ltr'><strong>pervenire;</strong></span> <span class='ocrx_word' id='word_1_170' title='bbox 1035 2221 1166 2300; x_wconf 86' lang='lat' dir='ltr'><strong>poteret</strong></span> <span class='ocrx_word' id='word_1_171' title='bbox 1193 2283 1194 2286; x_wconf 74' lang='grc'>,</span> 
     </span>
     <span class='ocr_line' id='line_1_24' title="bbox 155 2295 1164 2385; baseline 0.008 -24"><span class='ocrx_word' id='word_1_172' title='bbox 155 2297 272 2380; x_wconf 84' lang='lat' dir='ltr'><strong>aliquis</strong></span> <span class='ocrx_word' id='word_1_173' title='bbox 301 2295 342 2362; x_wconf 89' lang='lat' dir='ltr'><strong>ad</strong></span> <span class='ocrx_word' id='word_1_174' title='bbox 367 2297 402 2362; x_wconf 89' lang='lat' dir='ltr'><strong>id</strong></span> <span class='ocrx_word' id='word_1_175' title='bbox 426 2297 597 2383; x_wconf 83' lang='lat' dir='ltr'><strong>negotium</strong></span> <span class='ocrx_word' id='word_1_176' title='bbox 623 2298 664 2364; x_wconf 91' lang='lat' dir='ltr'><strong>de</strong></span> <span class='ocrx_word' id='word_1_177' title='bbox 689 2301 812 2385; x_wconf 91' lang='lat' dir='ltr'><strong>populo</strong></span> <span class='ocrx_word' id='word_1_178' title='bbox 842 2302 1000 2369; x_wconf 84' lang='lat' dir='ltr'><strong>accedere.</strong></span> <span class='ocrx_word' id='word_1_179' title='bbox 1046 2302 1164 2369; x_wconf 89' lang='lat' dir='ltr'><strong>Omnes</strong></span> 
     </span>
     <span class='ocr_line' id='line_1_25' title="bbox 155 2385 1188 2474; baseline 0.007 -24"><span class='ocrx_word' id='word_1_180' title='bbox 155 2385 275 2450; x_wconf 82' lang='lat' dir='ltr'><strong>exclusi</strong></span> <span class='ocrx_word' id='word_1_181' title='bbox 298 2389 376 2450; x_wconf 88' lang='lat' dir='ltr'><strong>sunt</strong></span> <span class='ocrx_word' id='word_1_182' title='bbox 396 2407 462 2451; x_wconf 91' lang='lat' dir='ltr'><strong>non</strong></span> <span class='ocrx_word' id='word_1_183' title='bbox 485 2386 591 2452; x_wconf 87' lang='lat' dir='ltr'><strong>minus</strong></span> <span class='ocrx_word' id='word_1_184' title='bbox 614 2391 726 2472; x_wconf 89' lang='lat' dir='ltr'><strong>aperte</strong></span> <span class='ocrx_word' id='word_1_185' title='bbox 749 2409 848 2472; x_wconf 90' lang='lat' dir='ltr'><strong>quam</strong></span> <span class='ocrx_word' id='word_1_186' title='bbox 869 2390 1026 2474; x_wconf 89' lang='lat' dir='ltr'><strong>pupillus.</strong></span> <span class='ocrx_word' id='word_1_187' title='bbox 1068 2391 1188 2458; x_wconf 82' lang='lat' dir='ltr'><strong>Diemr</strong></span> 
     </span>
     <span class='ocr_line' id='line_1_26' title="bbox 154 2473 1165 2564; baseline 0.005 -26"><span class='ocrx_word' id='word_1_188' title='bbox 154 2474 341 2560; x_wconf 87' lang='lat' dir='ltr'><strong>praestituit</strong></span> <span class='ocrx_word' id='word_1_189' title='bbox 364 2475 454 2559; x_wconf 90' lang='lat' dir='ltr'><strong>operi</strong></span> <span class='ocrx_word' id='word_1_190' title='bbox 480 2474 630 2540; x_wconf 89' lang='lat' dir='ltr'><strong>faciundo</strong></span> <span class='ocrx_word' id='word_1_191' title='bbox 652 2473 818 2541; x_wconf 85' lang='lat' dir='ltr'><strong>Kalendas</strong></span> <span class='ocrx_word' id='word_1_192' title='bbox 840 2476 1051 2564; x_wconf 87' lang='lat' dir='ltr'><strong>Decembres,</strong></span> <span class='ocrx_word' id='word_1_193' title='bbox 1076 2481 1165 2546; x_wconf 90' lang='lat' dir='ltr'><strong>locat</strong></span> 
     </span>
     <span class='ocr_line' id='line_1_27' title="bbox 154 2561 1164 2650; baseline 0.003 -20"><span class='ocrx_word' id='word_1_194' title='bbox 154 2563 282 2630; x_wconf 87' lang='lat' dir='ltr'><strong>circiter</strong></span> <span class='ocrx_word' id='word_1_195' title='bbox 294 2562 371 2628; x_wconf 88' lang='lat' dir='ltr'><strong>Idus</strong></span> <span class='ocrx_word' id='word_1_196' title='bbox 386 2561 606 2648; x_wconf 83' lang='lat' dir='ltr'><strong>Septembres3</strong></span> <span class='ocrx_word' id='word_1_197' title='bbox 628 2585 671 2628; x_wconf 89' lang='lat' dir='ltr'><strong>an</strong></span> <span class='ocrx_word' id='word_1_198' title='bbox 717 2564 789 2629; x_wconf 89' lang='lat' dir='ltr'><strong>stiis</strong></span> <span class='ocrx_word' id='word_1_199' title='bbox 811 2566 969 2650; x_wconf 87' lang='lat' dir='ltr'><strong>temporis</strong></span> <span class='ocrx_word' id='word_1_200' title='bbox 993 2568 1164 2633; x_wconf 88' lang='lat' dir='ltr'><strong>excludun-</strong></span> 
     </span>
     <span class='ocr_line' id='line_1_28' title="bbox 101 2639 1163 2740; baseline 0.003 -23"><span class='ocrx_word' id='word_1_201' title='bbox 101 2639 143 2702; x_wconf 79' lang='lat'><strong>57</strong></span> <span class='ocrx_word' id='word_1_202' title='bbox 172 2657 227 2717; x_wconf 89' lang='lat' dir='ltr'><strong>tur</strong></span> <span class='ocrx_word' id='word_1_203' title='bbox 253 2673 374 2717; x_wconf 89' lang='lat' dir='ltr'><strong>omnes.</strong></span> <span class='ocrx_word' id='word_1_204' title='bbox 420 2649 503 2726; x_wconf 80' lang='lat' dir='ltr'><strong>Quid</strong></span> <span class='ocrx_word' id='word_1_205' title='bbox 533 2650 652 2736; x_wconf 71' lang='lat' dir='ltr'><strong>ergot</strong></span> <span class='ocrx_word' id='word_1_206' title='bbox 708 2652 844 2718; x_wconf 89' lang='lat' dir='ltr'><strong>abonius</strong></span> <span class='ocrx_word' id='word_1_207' title='bbox 868 2654 968 2724; x_wconf 88' lang='lat' dir='ltr'><strong>istam</strong></span> <span class='ocrx_word' id='word_1_208' title='bbox 991 2655 1075 2721; x_wconf 88' lang='lat' dir='ltr'><strong>diem</strong></span> <span class='ocrx_word' id='word_1_209' title='bbox 1101 2677 1163 2740; x_wconf 90' lang='lat' dir='ltr'><strong>quo</strong></span> 
     </span>
     <span class='ocr_line' id='line_1_29' title="bbox 120 2717 1192 2827; baseline 0.002 -22"><span class='ocrx_word' id='word_1_210' title='bbox 120 2717 154 2765; x_wconf 83' lang='lat'><strong>49</strong></span> <span class='ocrx_word' id='word_1_211' title='bbox 172 2742 269 2806; x_wconf 90' lang='lat' dir='ltr'><strong>modo</strong></span> <span class='ocrx_word' id='word_1_212' title='bbox 284 2739 489 2824; x_wconf 80' lang='lat' dir='ltr'><strong>assequitur?</strong></span> <span class='ocrx_word' id='word_1_213' title='bbox 521 2737 626 2805; x_wconf 89' lang='lat' dir='ltr'><strong>Nemo</strong></span> <span class='ocrx_word' id='word_1_214' title='bbox 644 2737 796 2805; x_wconf 88' lang='lat' dir='ltr'><strong>Habonio</strong></span> <span class='ocrx_word' id='word_1_215' title='bbox 815 2742 972 2808; x_wconf 84' lang='lat' dir='ltr'><strong>molestus</strong></span> <span class='ocrx_word' id='word_1_216' title='bbox 992 2749 1043 2810; x_wconf 89' lang='lat' dir='ltr'><strong>est</strong></span> <span class='ocrx_word' id='word_1_217' title='bbox 1060 2766 1162 2827; x_wconf 87' lang='lat' dir='ltr'><strong>neque</strong></span> <span class='ocrx_word' id='word_1_218' title='bbox 1191 2747 1192 2752; x_wconf 75' lang='grc'>’</span> 
     </span>
     <span class='ocr_line' id='line_1_30' title="bbox 153 2826 1188 2915; baseline 0.005 -23"><span class='ocrx_word' id='word_1_219' title='bbox 153 2827 310 2895; x_wconf 84' lang='lat' dir='ltr'><strong>Kalendis</strong></span> <span class='ocrx_word' id='word_1_220' title='bbox 345 2827 578 2895; x_wconf 87' lang='lat' dir='ltr'><strong>Decembribus</strong></span> <span class='ocrx_word' id='word_1_221' title='bbox 618 2849 722 2912; x_wconf 89' lang='lat' dir='ltr'><strong>neque</strong></span> <span class='ocrx_word' id='word_1_222' title='bbox 757 2826 862 2894; x_wconf 90' lang='lat' dir='ltr'><strong>Nonis</strong></span> <span class='ocrx_word' id='word_1_223' title='bbox 897 2852 1003 2915; x_wconf 88' lang='lat' dir='ltr'><strong>neque</strong></span> <span class='ocrx_word' id='word_1_224' title='bbox 1039 2830 1188 2914; x_wconf 82' lang='lat' dir='ltr'><strong>Idibus;s</strong></span> 
     </span>
     <span class='ocr_line' id='line_1_31' title="bbox 155 2915 1191 3003; baseline 0.002 -23"><span class='ocrx_word' id='word_1_225' title='bbox 155 2917 290 3000; x_wconf 89' lang='lat' dir='ltr'><strong>denique</strong></span> <span class='ocrx_word' id='word_1_226' title='bbox 318 2917 487 3002; x_wconf 86' lang='lat' dir='ltr'><strong>aliquanto</strong></span> <span class='ocrx_word' id='word_1_227' title='bbox 515 2919 590 2982; x_wconf 86' lang='lat' dir='ltr'><strong>ante</strong></span> <span class='ocrx_word' id='word_1_228' title='bbox 615 2915 651 2980; x_wconf 90' lang='lat' dir='ltr'><strong>in</strong></span> <span class='ocrx_word' id='word_1_229' title='bbox 680 2916 881 3000; x_wconf 87' lang='lat' dir='ltr'><strong>provinciam</strong></span> <span class='ocrx_word' id='word_1_230' title='bbox 903 2918 967 2984; x_wconf 89' lang='lat' dir='ltr'><strong>iste</strong></span> <span class='ocrx_word' id='word_1_231' title='bbox 989 2921 1161 3003; x_wconf 87' lang='lat' dir='ltr'><strong>proficisci·</strong></span> <span class='ocrx_word' id='word_1_232' title='bbox 1190 2931 1191 2938; x_wconf 74' lang='grc'>’</span> 
     </span>
     <span class='ocr_line' id='line_1_32' title="bbox 154 3003 1162 3090; baseline 0.008 -24"><span class='ocrx_word' id='word_1_233' title='bbox 154 3007 221 3086; x_wconf 90' lang='lat' dir='ltr'><strong>tur,</strong></span> <span class='ocrx_word' id='word_1_234' title='bbox 249 3026 347 3088; x_wconf 90' lang='lat' dir='ltr'><strong>quam</strong></span> <span class='ocrx_word' id='word_1_235' title='bbox 374 3026 455 3089; x_wconf 92' lang='lat' dir='ltr'><strong>opus</strong></span> <span class='ocrx_word' id='word_1_236' title='bbox 483 3003 632 3069; x_wconf 84' lang='lat' dir='ltr'><strong>effectum</strong></span> <span class='ocrx_word' id='word_1_237' title='bbox 660 3007 718 3070; x_wconf 86' lang='lat' dir='ltr'><strong>est.</strong></span> <span class='ocrx_word' id='word_1_238' title='bbox 762 3003 981 3090; x_wconf 88' lang='lat' dir='ltr'><strong>Posteaquam</strong></span> <span class='ocrx_word' id='word_1_239' title='bbox 1003 3031 1078 3074; x_wconf 90' lang='lat' dir='ltr'><strong>reus</strong></span> <span class='ocrx_word' id='word_1_240' title='bbox 1100 3008 1162 3074; x_wconf 77' lang='lat' dir='ltr'><strong>fac</strong></span> 
     </span>
     <span class='ocr_line' id='line_1_33' title="bbox 154 3091 1160 3180; baseline 0.007 -26"><span class='ocrx_word' id='word_1_241' title='bbox 154 3094 208 3154; x_wconf 90' lang='lat' dir='ltr'><strong>tus</strong></span> <span class='ocrx_word' id='word_1_242' title='bbox 238 3095 300 3174; x_wconf 86' lang='lat' dir='ltr'><strong>est,</strong></span> <span class='ocrx_word' id='word_1_243' title='bbox 327 3093 433 3177; x_wconf 88' lang='lat' dir='ltr'><strong>primo</strong></span> <span class='ocrx_word' id='word_1_244' title='bbox 459 3091 604 3177; x_wconf 85' lang='lat' dir='ltr'><strong>negabat</strong></span> <span class='ocrx_word' id='word_1_245' title='bbox 632 3113 665 3157; x_wconf 90' lang='lat' dir='ltr'><strong>se</strong></span> <span class='ocrx_word' id='word_1_246' title='bbox 693 3113 774 3176; x_wconf 88' lang='lat' dir='ltr'><strong>opus</strong></span> <span class='ocrx_word' id='word_1_247' title='bbox 796 3093 831 3158; x_wconf 90' lang='lat' dir='ltr'><strong>in</strong></span> <span class='ocrx_word' id='word_1_248' title='bbox 854 3099 1024 3180; x_wconf 86' lang='lat' dir='ltr'><strong>acceptum</strong></span> <span class='ocrx_word' id='word_1_249' title='bbox 1046 3096 1160 3162; x_wconf 88' lang='lat' dir='ltr'><strong>referre</strong></span> 
     </span>
     <span class='ocr_line' id='line_1_34' title="bbox 155 3178 1160 3270; baseline 0.005 -28"><span class='ocrx_word' id='word_1_250' title='bbox 155 3198 264 3263; x_wconf 84' lang='lat' dir='ltr'><strong>posse;</strong></span> <span class='ocrx_word' id='word_1_251' title='bbox 288 3199 361 3244; x_wconf 87' lang='lat' dir='ltr'><strong>cum</strong></span> <span class='ocrx_word' id='word_1_252' title='bbox 383 3181 522 3270; x_wconf 77' lang='lat' dir='ltr'><strong>instaret</strong></span> <span class='ocrx_word' id='word_1_253' title='bbox 544 3178 724 3265; x_wconf 86' lang='lat' dir='ltr'><strong>Habonius,</strong></span> <span class='ocrx_word' id='word_1_254' title='bbox 746 3181 780 3246; x_wconf 91' lang='lat' dir='ltr'><strong>in</strong></span> <span class='ocrx_word' id='word_1_255' title='bbox 802 3203 855 3248; x_wconf 88' lang='lat' dir='ltr'><strong>me</strong></span> <span class='ocrx_word' id='word_1_256' title='bbox 875 3205 1007 3250; x_wconf 88' lang='lat' dir='ltr'><strong>causam</strong></span> <span class='ocrx_word' id='word_1_257' title='bbox 1025 3184 1160 3250; x_wconf 78' lang='lat' dir='ltr'><strong>confere</strong></span> 
     </span>
     <span class='ocr_line' id='line_1_35' title="bbox 155 3265 1189 3355; baseline 0.005 -27"><span class='ocrx_word' id='word_1_258' title='bbox 155 3265 227 3348; x_wconf 88' lang='lat' dir='ltr'><strong>bat,</strong></span> <span class='ocrx_word' id='word_1_259' title='bbox 263 3265 349 3350; x_wconf 88' lang='lat' dir='ltr'><strong>quod</strong></span> <span class='ocrx_word' id='word_1_260' title='bbox 380 3289 454 3332; x_wconf 88' lang='lat' dir='ltr'><strong>eum</strong></span> <span class='ocrx_word' id='word_1_261' title='bbox 484 3267 626 3333; x_wconf 89' lang='lat' dir='ltr'><strong>codicem</strong></span> <span class='ocrx_word' id='word_1_262' title='bbox 658 3268 892 3355; x_wconf 80' lang='lat' dir='ltr'><strong>obsignassem.</strong></span> <span class='ocrx_word' id='word_1_263' title='bbox 939 3272 1031 3338; x_wconf 90' lang='lat' dir='ltr'><strong>Petit</strong></span> <span class='ocrx_word' id='word_1_264' title='bbox 1063 3296 1081 3340; x_wconf 89' lang='lat' dir='ltr'><strong>a</strong></span> <span class='ocrx_word' id='word_1_265' title='bbox 1111 3293 1158 3338; x_wconf 90' lang='lat' dir='ltr'><strong>me</strong></span> <span class='ocrx_word' id='word_1_266' title='bbox 1172 3295 1189 3336; x_wconf 76' lang='lat' dir='ltr'><strong>s</strong></span> 
     </span>
     <span class='ocr_line' id='line_1_36' title="bbox 155 3350 1158 3445; baseline 0.012 -33"><span class='ocrx_word' id='word_1_267' title='bbox 155 3350 325 3416; x_wconf 89' lang='lat' dir='ltr'><strong>Habonius</strong></span> <span class='ocrx_word' id='word_1_268' title='bbox 360 3357 393 3416; x_wconf 88' lang='lat' dir='ltr'><strong>et</strong></span> <span class='ocrx_word' id='word_1_269' title='bbox 425 3355 545 3420; x_wconf 90' lang='lat' dir='ltr'><strong>amicos</strong></span> <span class='ocrx_word' id='word_1_270' title='bbox 579 3356 716 3441; x_wconf 81' lang='lat' dir='ltr'><strong>allegat,</strong></span> <span class='ocrx_word' id='word_1_271' title='bbox 746 3356 842 3423; x_wconf 88' lang='lat' dir='ltr'><strong>facile</strong></span> <span class='ocrx_word' id='word_1_272' title='bbox 873 3360 1039 3445; x_wconf 87' lang='lat' dir='ltr'><strong>impetrat.</strong></span> <span class='ocrx_word' id='word_1_273' title='bbox 1087 3360 1158 3440; x_wconf 87' lang='lat' dir='ltr'><strong>Iste,</strong></span> 
     </span>
    </p>
   </div>
   <div class='ocr_carea' id='block_1_3' title="bbox 156 3434 1188 3569">
    <p class='ocr_par' dir='ltr' id='par_1_3' title="bbox 156 3434 1188 3569">
     <span class='ocr_line' id='line_1_37' title="bbox 156 3434 1188 3569; baseline 0.015 -72"><span class='ocrx_word' id='word_1_274' title='bbox 156 3434 234 3517; x_wconf 89' lang='lat' dir='ltr'><strong>quid</strong></span> <span class='ocrx_word' id='word_1_275' title='bbox 257 3441 378 3519; x_wconf 80' lang='lat' dir='ltr'><strong>ageret,</strong></span> <span class='ocrx_word' id='word_1_276' title='bbox 399 3441 578 3524; x_wconf 80' lang='lat' dir='ltr'><strong>nesciebat3</strong></span> <span class='ocrx_word' id='word_1_277' title='bbox 602 3443 630 3508; x_wconf 90' lang='lat' dir='ltr'><strong>si</strong></span> <span class='ocrx_word' id='word_1_278' title='bbox 652 3443 872 3530; x_wconf 87' lang='lat' dir='ltr'><strong>inacceptum</strong></span> <span class='ocrx_word' id='word_1_279' title='bbox 889 3468 957 3513; x_wconf 91' lang='lat' dir='ltr'><strong>non</strong></span> <span class='ocrx_word' id='word_1_280' title='bbox 974 3449 1159 3528; x_wconf 87' lang='lat' dir='ltr'><strong>rettulisset,</strong></span> <span class='ocrx_word' id='word_1_281' title='bbox 1187 3519 1188 3569; x_wconf 55' lang='lat' dir='ltr'><strong>p</strong></span> 
     </span>
    </p>
   </div>
   <div class='ocr_carea' id='block_1_4' title="bbox 0 0 1211 3944">
    <p class='ocr_par' dir='ltr' id='par_1_4' title="bbox 0 0 1211 3944">
     <span class='ocr_line' id='line_1_38' title="bbox 0 0 1211 3944; baseline 0 0"><span class='ocrx_word' id='word_1_282' title='bbox 0 0 1211 3944; x_wconf 95' lang='lat' dir='ltr'><strong> </strong></span> 
     </span>
    </p>
   </div>
  </div>
 </body>
</html>
