2422 3952
143 189 186 253 ‘14
310 185 382 242 PRO
401 183 476 240 SEX.
496 182 626 239 Rosclo
645 181 813 238 AMERINO
831 179 977 238 ORATIO.

142 333 263 398 6166661
277 329 497 414 6666666611
512 327 622 394 661666
632 323 740 409 plures
752 329 965 412 possessiones,
988 329 1169 412 66666666,

142 439 220 504 quae
255 421 361 486 66616
394 419 471 484 diod
502 418 539 483 66
573 415 696 500 ropr‘m's
731 417 835 500 ipsum
858 415 986 483 666666.
1044 416 1169 500 (Sciet

144 507 241 576 Grau.
257 529 292 592 p.
314 511 386 574 436.
409 505 475 590 14.)
572 589 592 632 *
700 589 763 632 m
809 587 812 592 Ι

91 683 188 751 46.
199 707 271 768 .ps
271 688 342 748 666
362 685 394 746 66
412 681 538 746 notione
557 679 749 764 dispositam
768 699 804 743 se
820 679 941 744 hebere
956 680 1169 768 existiment,

146 773 201 857 qni
229 773 265 836 in
292 767 481 834 Sallentinis
509 768 601 833 666·
592 789 626 832 6
653 765 793 832 Bruttiis
820 764 956 852 hubent,
928 769 1082 836 tunde
1113 772 1191 839 viss

145 859 228 926 ter
218 880 253 924 ιιι
275 875 372 923 enno
384 856 494 922 audire
515 856 666 922 nuntium
689 857 834 940 possunt.

94 951 144 1003 13³
211 947 306 1012 Alter
319 945 382 1010 tibi
396 943 559 1010 descendit
573 944 612 1008 (16
621 942 749 1008 Ρ61661ο
763 947 797 1008 66
811 943 943 1008 oedibus
959 945 1045 1029 suis,
1058 906 1168 1013 hebet

146 1035 246 1102 66161
269 1056 366 1100 66666
388 1054 444 1099 rus
463 1054 634 1098 amoenum
652 1035 685 1096 et
700 1030 931 1115 suburbanum,
953 1033 1054 1116 pluro
1067 1057 1168 1120 prae

145 1129 235 1190 66666
243 1121 487 1209 prnsdieneque
500 1125 611 1186 66666
626 1120 777 1185 61166
744 1139 809 1184 ruer
799 1082 1029 1222 praeolerum
1039 1125 1076 1186 66
1091 1145 1169 1208 pro

72 1277 77 1286 ,
145 1212 316 1315 pinquum3
344 1211 459 1276 domus
487 1209 608 1274 referte
632 1209 721 1274 rosis
744 1205 923 1274 Corinthiis
946 1212 981 1273 66
1001 1208 1167 1296 Deliacis,
1181 1241 1202 1280 ιι

145 1302 180 1365 1ιι
203 1299 320 1384 quibus
343 1303 393 1364 est
416 1298 576 1383 authepsa
597 1297 665 1381 1116,
688 1317 785 1380 quem
806 1299 902 1361 tento
923 1297 1032 1380 pretio
1056 1317 1169 1386 nuper

146 1391 307 1454 merootus
321 1390 381 1470 est,
394 1389 431 1451 66
431 1407 510 1470 ,qru
500 1387 764 1470 praetereuntes
779 1405 971 1468 praeconem
986 1389 1167 1454 enuntiare

147 1475 337 1558 audiebant,
362 1437 498 1540 1616166
526 1473 636 1538 venire
664 1473 862 1539 arbitrerent
847 1476 909 1537 t.ur
955 1472 1041 1549 Quid
1067 1499 1168 1561 pree-

146 1562 363 1628 tereeoueloti
373 1561 509 1646 6636661,
519 1561 597 1644 quid
607 1562 773 1648 strugnlee
786 1561 896 1643 vestis,
906 1561 984 1645 quid
993 1563 1167 1646 pietur-orn

146 1651 342 1752 6616616666,
365 1649 444 1734 quid
466 1649 643 1735 signorum,
666 1649 743 1734 qnid
766 1649 937 1714 marmoris
956 1651 1046 1735 apud
1062 1652 1167 1719 illum
1180 1677 1202 1722 6

146 1739 252 1826 putet
243 1759 271 1803 rs
308 1738 400 1804 esso?
453 1737 594 1804 ’1666666
631 1738 767 1822 66111666,
803 1741 960 1822 qnantum
993 1761 1011 1803 6
1044 1743 1166 1808 661616

148 1826 388 1930 splendidisque
415 1825 611 1892 fsmiliisiu
637 1826 736 1891 turbe
762 1829 795 1890 66
822 1825 945 1911 rapinis
972 1833 1167 1895 6666666661

94 1933 169 2002 (134)
187 1937 252 1982 666
283 1916 318 1981 6
348 1914 444 1981 domo
476 1912 807 1999 36661616611166
834 1933 911 1979 roro
939 1921 1103 1998 quantem
1132 1923 1166 1984 66

149 2025 246 2088 quem
273 2003 373 2069 seriis
401 2025 474 2068 666
502 2002 647 2068 6661116116
674 2001 807 2087 habeut,
835 2001 913 2086 quid
939 2023 1001 2088 636
1030 2003 1166 2072 diuum?

98 2112 149 2162 134
167 2091 264 2156 Mitto
278 2091 375 2156 husee
390 2094 477 2155 66666
496 2091 657 2176 vulgares,
676 2111 779 2175 66666,
797 2090 946 2175 pistores,
960 2091 1165 2178 leetiesrios3
1179 2123 1203 2162 6

149 2178 249 2244 66166
240 2179 300 2241 66
317 2176 444 2242 aurium
462 2197 559 2243 66666
576 2182 628 2244 666
645 2178 792 2244 homines
810 2178 920 2263 hebet,
936 2183 976 2244 66
993 2147 1165 2248 cotidiani

12 2323 19 2331 ,
149 2269 246 2332 cautu
272 2286 388 2330 voonnr
415 2269 448 2330 et
474 2287 648 2332 nervorum
674 2271 708 2331 66
739 2266 894 2332 tibiarum
925 2270 1165 2369 nocturnisque

148 2352 301 2420 conuiuiis
328 2355 402 2419 6666
422 2353 572 2420 vicinitas
594 2359 756 2442 personet.
791 2353 830 2419 In
847 2353 909 2420 heo
926 2356 1005 2440 vite,
1027 2357 1164 2444 iudices,

149 2462 230 2526 quos
253 2446 414 2527 sumptus
420 2443 608 2526 cotidianos,
632 2463 712 2526 ques
736 2442 906 2508 effusiones
928 2407 1005 2508 fieri
1022 2449 1164 2532 putetis,

149 2551 231 2615 quae
246 2551 323 2596 vero
337 2531 507 2596 convivis?
524 2531 671 2615 honesta,
689 2531 821 2614 eredo,
811 2531 927 2597 meins
944 2533 1033 2598 modi
1052 2535 1164 2621 domo,
1176 2561 1201 2602 ιι

149 2619 182 2684 61
214 2618 328 2684 domus
362 2619 442 2684 haee
478 2617 627 2684 habendo
664 2623 714 2684 est
751 2619 860 2720 potius
892 2641 990 2704 quam
1027 2587 1164 2689 officina

98 2727 149 2776 166
167 2707 280 2791 nequit
281 2705 332 2771 166
355 2710 388 2771 66
411 2706 630 2773 deversorium
656 2706 856 2794 1163166666
880 2708 1032 2775 omnium.
1082 2709 1101 2774 I
1100 2734 1163 2795 pse

149 2815 227 2861 vero
262 2815 359 2879 quem
395 2795 436 2860 od
468 2794 599 2861 modum
632 2799 763 2880 compto
796 2799 830 2860 66
861 2795 1006 2862 delibuto
1037 2799 1162 2884 oepillo

148 2885 271 2968 possim
298 2903 355 2968 per
380 2882 490 2948 lorum
516 2883 633 2948 volitet
660 2905 733 2948 666
760 2902 881 2968 magne
907 2889 1037 2952 osterse
1066 2891 1165 2974 togu-

149 2974 270 3056 tornm,
298 2970 430 3055 videtis,
456 2967 590 3056 iudices,
619 2971 702 3052 [et
692 2993 758 3038 rem
784 2971 915 3056 videtis,
943 2973 1091 3060 16116663
1123 2981 1161 3040 66
1175 3005 1201 3045 s

149 3079 261 3123 omnes
284 3058 451 3143 despiciet,
473 3063 511 3123 66
532 3059 697 3125 hominem
720 3079 799 3145 prus
821 3079 856 3124 se
874 3062 1036 3126 6661666
1055 3066 1161 3150 putet,

149 3148 186 3209 66
214 3164 248 3210 66
276 3145 382 3211 solnm
409 3147 692 3228 1666666166
718 3151 884 3250 pptenteru
916 3116 1161 3234 3666606661

149 3252 226 3298 vero
249 3231 370 3298 efficiet
392 3238 426 3299 66
448 3257 530 3320 quoe
553 3239 700 3322 6666666,
723 3235 752 3300 61
773 3236 872 3302 velim
895 3258 1161 3326 eommemorere,

148 3339 276 3404 vereor,
304 3320 438 3405 iudioes,
460 3344 501 3386 ne
525 3323 596 3407 quis
620 3322 802 3408 imperitior
824 3325 989 3392 existimet
1011 3349 1064 3393 66
1086 3349 1161 3394 666-

150 3427 221 3470 666
242 3406 425 3472 nobilitatis
448 3410 681 3495 victoriamque
704 3412 845 3478 voluisse
863 3413 1003 3499 laedere;
1026 3417 1160 3482 6666661
1173 3442 1199 3483 rs

150 3513 222 3560 meo
253 3493 323 3558 iuro
354 3515 501 3578 possum,
533 3497 562 3560 si
593 3498 712 3580 quid
701 3520 736 3564 6
767 3499 828 3566 hoe
859 3505 953 3586 purte
985 3503 1066 3570 mihi
1093 3526 1159 3570 non
