2402 3936
310 178 376 232 crs.
394 161 434 231 111
460 178 538 234 one,
559 187 582 247 1,
601 187 617 234 a
636 185 651 246 s
671 188 747 236 1-4.
968 185 1032 248 271

40 321 158 405 debent,
185 341 251 387 non
279 321 385 386 solum
414 322 490 406 quid
514 323 620 388 oneris
642 323 677 388 in
698 325 883 407 praesentia
904 328 1034 412 tollant,

40 409 86 474 sed
111 412 267 494 quantum
295 409 331 472 in
358 432 487 475 omnem
512 411 616 477 vitam
642 412 767 498 negotii
795 414 956 499 suscipere
983 438 1034 482 co

39 501 150 562 nentur.
186 497 309 584 Legem
328 498 414 563 enim
433 499 496 564 sibi
513 499 577 584 ipsi
595 499 707 564 dicunt
723 500 936 587 innocentiae,
959 525 1033 569 eon-

40 585 181 652 tinentiae
199 586 423 672 virtutumque
442 588 595 671 omnium,
614 588 670 672 qui
690 589 731 654 ab
751 590 855 654 altero
874 591 1033 656 rationem

15 674 112 738 tritae
132 678 324 759 reposcunt,
351 678 449 759 atque
472 697 510 740 eo
533 676 653 762 magis,
681 677 709 741 si
731 677 778 759 id,
800 682 838 743 ut
860 682 936 744 ante
959 679 1033 763 dixi,

41 761 146 826 faciunt
169 763 263 828 nulla
285 783 320 828 re
343 764 499 828 commoti
522 763 588 830 alia
609 764 674 828 nisi
695 765 840 832 utilitate
862 767 1033 832 communi.

41 847 184 935 Numqui
202 851 268 916 sibi
285 850 348 917 hoc
366 852 515 936 sumpsit,
537 855 575 917 ut
598 852 741 940 corrigat
764 877 870 921 mores
894 856 1032 922 aliorum
1050 873 1068 923 a

42 959 68 1002 ac
85 943 218 1023 peccata
240 938 465 1024 reprehendet,
486 940 558 1025 quis
581 940 656 1006 buic
678 941 837 1028 ignoscat,
860 947 889 1008 si
912 967 976 1028 quc
997 945 1034 1010 iu

41 1047 66 1089 re
80 1027 143 1111 ipre
162 1028 207 1092 ab
226 1026 384 1113 religione
403 1027 502 1093 officii
520 1028 712 1094 declinarit?
748 1029 953 1116 Quapropter
970 1033 1032 1098 hoc

16 1129 33 1168 1⁰
41 1114 121 1179 etism
146 1115 257 1201 magis
285 1115 327 1180 ab
355 1117 506 1182 omnibus
534 1117 602 1182 eius
629 1117 718 1183 modi
745 1117 823 1183 civis
852 1119 1032 1184 laudandus

42 1203 260 1290 rediligendus
274 1207 333 1287 est,
351 1206 438 1289 quud
455 1226 522 1270 non
540 1204 646 1270 solum
666 1204 707 1270 ab
725 1227 761 1270 re
779 1206 910 1290 publica
929 1207 1032 1272 civem

14 1337 16 1340 -
40 1289 198 1374 inprobum
221 1295 381 1375 removet,
402 1314 515 1358 verum
538 1293 639 1358 etism
663 1313 697 1358 se
719 1294 828 1378 ipsum
851 1294 920 1358 eius
944 1295 1033 1360 modi

41 1377 94 1442 lore
110 1381 285 1464 profitetur
303 1401 340 1444 ac
358 1384 514 1465 praestat,
532 1384 571 1450 nt
588 1381 651 1446 sibi
668 1403 734 1447 non
753 1382 849 1448 modo
869 1384 1032 1448 communi

41 1467 192 1533 voluntate
219 1467 351 1533 virtutis
375 1472 472 1552 atque
495 1469 608 1552 officii,
635 1469 812 1536 sedetiam
836 1470 869 1534 vi
893 1472 1032 1555 quadam

18 1556 126 1641 tnagis
144 1555 332 1622 necessaria
353 1560 440 1622 recte
463 1557 507 1622 sit
529 1557 726 1641 honesteque
749 1558 931 1624 vivendum.
967 1559 1067 1625 lta-3

43 1663 88 1724 que
102 1644 170 1731 hcc,
195 1643 327 1727 iudices,
350 1666 389 1709 ex
406 1644 537 1709 homine
558 1645 738 1710 clarissimo
761 1649 860 1731 atque
883 1649 1032 1731 eloquen-

43 1730 157 1818 tissimo,
179 1732 218 1798 L.
236 1730 367 1818 Crasso,
390 1754 485 1816 saepe
507 1733 734 1816 auditum-est,
758 1755 830 1799 cum
854 1756 889 1798 se
911 1734 1031 1799 nullius

43 1819 78 1882 rei
99 1824 164 1886 tem
193 1820 360 1906 paenitere
388 1820 521 1904 diceret,
551 1843 648 1904 quam
676 1820 762 1903 quod
789 1819 824 1886 Ο.
848 1819 1032 1886 Carbonem

43 1927 176 1992 unquam
204 1909 240 1974 in
265 1908 420 1974 iudicium
446 1909 642 1992 vocavisset3
669 1908 775 1972 minus
802 1908 888 1972 enim
910 1907 1032 1974 liberas

21 1997 165 2062 nomnium
204 2018 314 2062 rerum
346 1997 532 2062 voluntates
564 1996 707 2061 habebat
739 1999 773 2059 et
803 1995 906 2062 vitam
939 2018 1032 2062 suam

44 2082 185 2170 pluribus,
214 2107 312 2170 quam
339 2086 452 2168 vellet,
480 2084 646 2150 observari
674 2083 775 2149 oculis
800 2083 1032 2150 arbitrabatur.

45 2167 130 2256 Atque
155 2174 215 2238 ille
238 2173 291 2238 his
313 2173 483 2257 praesidiis
505 2172 628 2259 ingenii
649 2172 862 2256 fortunaeque
885 2174 1032 2238 munitus

44 2259 132 2326 tanen
148 2262 213 2327 hac
231 2282 309 2326 cura
329 2261 564 2344 continebatur,
586 2282 684 2345 quam
707 2261 770 2324 sibi
792 2261 936 2326 nondum
959 2283 1033 2327 con·

44 2345 151 2414 busto
170 2349 318 2432 consilio,
337 2349 393 2414 sed
410 2349 541 2414 ineunte
560 2352 667 2414 aetate
686 2352 878 2433 susceperat.
915 2349 1032 2425 Quam·

22 2441 121 2515 *quam
151 2437 260 2504 minus
293 2436 392 2502 etiam
423 2437 618 2521 perspicitur
648 2457 758 2502 eorum
788 2437 892 2501 virtus
923 2443 956 2502 et
985 2439 1032 2503 in-

45 2523 176 2610 tegritas,
209 2525 265 2610 qui
297 2525 338 2588 ad
364 2525 449 2589 hanc
475 2545 544 2588 rem
571 2523 817 2608 adulescentuli,
851 2546 948 2609 quam
977 2527 1032 2609 qui

45 2608 94 2676 ism
108 2614 238 2683 firmata
261 2616 369 2678 aetate
392 2612 597 2678 descendunt.
637 2611 693 2676 Illi
716 2611 810 2695 enim,
834 2615 910 2677 ante
933 2636 1032 2696 quam

45 2703 200 2778 potuerunt
225 2701 426 2783 existimare,
453 2704 574 2784 quanto
597 2699 731 2764 liberior
753 2700 822 2765 vita
845 2701 888 2766 sit
911 2722 1032 2784 eorum,

46 2787 86 2866 qui
112 2790 275 2856 neminem
303 2788 498 2872 accusarint,
525 2787 648 2874 gloriae
676 2809 773 2854 causa
801 2792 898 2872 atque
927 2791 1032 2853 osten-

22 2874 159 2942 sunonis
192 2880 359 2960 accusant,
390 2897 464 2960 nos,
496 2876 551 2960 qui
581 2875 661 2959 iarn,
693 2880 727 2941 et
757 2876 834 2960 quid
863 2875 968 2940 facere
998 2879 1032 2939 et

47 2967 218 3042 quantulum
240 2965 382 3031 iudicare
403 2986 586 3050 possemus,
614 2963 827 3046 ostendimus,
848 2962 912 3026 nisi
935 2962 1031 3027 facile

46 3052 218 3134 cupiditates
233 3057 365 3120 nostras
382 3049 575 3137 teneremus,
591 3073 768 3136 numquam
786 3050 918 3133 ipsimet
935 3051 1031 3116 nobis

15 3165 16 3168 ¹
45 3142 281 3218 praecideremus
308 3142 406 3206 istam
428 3140 594 3206 licentiam
622 3140 870 3222 libertatemque
892 3139 1031 3204 vivendi.

95 3229 200 3315 Atque
214 3252 276 3318 ego
290 3230 353 3296 hoc
365 3229 439 3313 plus
457 3228 563 3293 oneris
582 3227 696 3311 habeo,
715 3247 812 3311 quam
831 3227 888 3310 qui
906 3199 1068 3327 ceteros{

23 3319 218 3384 “mame
248 3317 292 3403 (si
322 3338 403 3383 onus
430 3318 481 3380 est
508 3316 541 3380 id
569 3314 811 3401 appellandum,
845 3313 931 3399 quod
958 3336 1030 3380 cum

47 3398 154 3470 laetitia
174 3407 260 3472 feras
284 3427 321 3471 ac
343 3403 527 3490 voluptate)
550 3441 592 3452 -
615 3424 727 3468 verum
750 3406 862 3468 tamen
886 3425 946 3490 ego
969 3403 1031 3470 boc

13 3575 14 3584 ἵ
47 3494 166 3575 mplius
191 3493 317 3578 suscepi
341 3513 439 3578 quam
461 3492 574 3576 ceteri,
602 3492 688 3577 quod
709 3492 758 3558 ita
780 3493 966 3578 postulatur
989 3492 1030 3555 ab
