2386 3938
292 169 360 225 ΜΒ.
379 170 392 223 1
424 168 501 225 cnr.
521 175 626 224 sr—ao
645 176 660 236 ς
678 175 791 225 eo-rl.
985 171 1048 236 167

37 317 102 380 sius
117 313 198 399 (quo
212 315 343 400 quidem
356 318 503 398 tempore
517 313 603 399 signi
613 313 693 378 satis
709 311 805 398 dedit,
819 313 848 378 si
862 315 940 398 quid
954 319 1049 398 esset,

37 403 123 488 quod
139 407 256 488 posset
274 403 388 485 dicere,
411 417 447 466 se
462 405 571 466 tacere
587 421 655 467 non
671 422 781 486 posse,
804 405 851 485 ut,
874 423 971 486 quam
993 404 1048 468 diu

37 492 138 557 tacuit
159 491 197 555 in
220 491 335 556 ceteris
358 490 512 572 testibus,
534 489 616 556 scire
639 509 750 554 omnes
773 507 943 574 possemus
965 491 1048 555 nihil

37 581 202 662 habuisse,
219 578 307 663 quod
325 575 461 664 diceret)
479 610 521 626 --
539 579 601 642 hoc
618 581 689 642 tum
708 577 798 663 dixit
820 577 1049 644 Philodamum

12 674 67 733 cet
88 669 198 732 filium
217 668 287 732 cius
305 689 325 730 a
344 665 377 732 Ο.
395 665 525 732 Nerone
543 687 613 731 esse
632 666 812 732 damnatos.
848 665 898 731 De
921 688 984 753 quo
1008 687 1048 731 ne
1067 681 1100 730 la

37 759 141 823 multa
154 756 324 839 disseram,
346 759 475 820 tantum
489 753 570 838 dico,
588 759 734 821 secutum
746 754 781 819 id
794 775 865 820 esse
884 753 1048 820 Neronem

39 851 68 910 et
93 845 166 909 eins
194 844 381 909 eonsilium:
401 843 495 926 'quod
517 840 705 908 Cornelium
730 843 879 910 lictorem
906 844 1048 910 occisum

38 955 104 998 esse
128 935 312 1014 constaret,
333 935 467 1016 putasse
488 951 555 995 non
577 935 727 1014 oportere
750 953 819 997 esse
838 931 988 1016 cuiquam
1005 951 1047 997 ne

37 1024 68 1086 iu
80 1020 271 1086 ulciscenda
283 1020 412 1104 quidem
428 1020 546 1084 iniuria
563 1019 705 1084 hominis
724 1018 888 1084 occidendi
905 1023 1048 1104 potesta·

4 1117 116 1193 atcm3
139 1111 176 1173 in
200 1129 265 1192 quo
287 1108 380 1173 video
403 1106 544 1172 Neronis
565 1107 683 1172 iudicio
705 1124 773 1172 non
798 1111 834 1171 te
861 1103 1047 1173 absolutum

38 1220 104 1264 esse
128 1197 368 1282 improbitatis,
391 1196 447 1260 sed
468 1196 545 1261 illos
569 1195 739 1260 damnatos
764 1212 834 1260 esse
856 1197 972 1261 caedis.

99 1285 228 1351 Verum
260 1285 325 1350 ista
357 1285 523 1350 damnatio
554 1288 666 1350 tamen
697 1284 788 1349 cuius
820 1284 908 1349 modi
939 1285 1047 1369 fuerit,

39 1375 159 1458 audite,
188 1395 323 1458 quaeso,
348 1373 483 1456 iudices,
510 1376 544 1437 et
571 1372 746 1457 aliquando
773 1371 972 1438 miseremini
997 1395 1046 1438 so·

39 1465 159 1529 ciorum
178 1466 214 1526 et
233 1460 394 1527 ostendite
413 1461 536 1544 aliquid
556 1460 597 1525 iis
619 1461 654 1525 in
676 1464 787 1526 vestra
808 1461 872 1526 lide
893 1461 1047 1548 praesidii

6 1571 28 1610 ιε
40 1574 105 1618 esse
124 1555 287 1636 oportere.
324 1549 417 1626 Quod
435 1549 499 1614 toti
516 1548 615 1615 Asiae
635 1549 705 1614 iure
728 1549 852 1616 occisus
875 1549 1047 1615 videbatur
1055 1555 1099 1620 29

40 1642 131 1705 istius
149 1640 210 1704 ille
227 1639 328 1704 verbo
347 1639 452 1722 lictor,
470 1659 505 1702 re
523 1659 600 1703 rara
617 1637 767 1702 minister
784 1639 1046 1723 improbissimae

41 1727 239 1814 cupiditatis,
274 1726 445 1811 pertimuit
479 1726 555 1810 iste,
591 1746 632 1790 ne
663 1723 875 1790 Philodamus
906 1725 1046 1790 Neronis

40 1817 154 1882 indicio
183 1813 393 1898 liberaretu13
420 1818 517 1900 rogat
543 1817 577 1879 et
604 1817 677 1878 orat
699 1812 921 1894 Dolabellam,
947 1816 985 1877 ut
1008 1813 1046 1878 de

41 1927 95 1969 sua
120 1903 292 1988 provincia
319 1901 465 1985 decedat,
493 1901 534 1967 ad
555 1899 720 1967 Neronem
747 1899 984 1985 proficiscatur3
1013 1921 1047 1965 se

10 1994 242 2058 ”demonstrat
266 1991 461 2056 incolumem
484 2011 555 2054 esse
577 2010 644 2055 non
665 2007 775 2075 posse,
803 1988 831 2052 si
853 1986 1046 2054 Philodamo

41 2082 143 2146 vivere
162 2083 263 2163 atque
281 2077 455 2162 aliquando
473 2077 613 2144 Romam
630 2077 741 2143 uenire
763 2075 918 2142 licuisset.
954 2075 1047 2143 Gom·
1065 2089 1098 2139 la

41 2173 144 2234 motus
174 2171 225 2232 est
249 2166 436 2250 Dolabella3
462 2166 553 2250 iecit,
579 2166 614 2231 id
641 2166 728 2250 quod
753 2166 851 2230 multi
876 2166 1047 2250 reprehen-

40 2258 166 2340 derunt,
193 2259 232 2320 ut
254 2255 443 2339 exercitum,
467 2253 682 2340 provinciam,
704 2255 827 2320 bellum
849 2254 1047 2338 relinqueret

41 2350 70 2410 et
86 2347 122 2409 in
136 2344 253 2410 Asiam
271 2343 413 2409 hominis
431 2342 622 2426 nequissimi
640 2363 738 2408 causa
755 2343 791 2407 in
811 2342 951 2408 alienam
973 2365 1047 2428 pro·

10 2435 178 2499 runcum
192 2431 458 2517 proficisceretur.
480 2431 698 2514 Posteaquam
713 2430 754 2495 ad
767 2429 932 2496 Neronem
947 2431 1047 2514 veuit,

41 2521 204 2587 contendit
237 2521 278 2584 ab
306 2541 357 2603 eo,
388 2523 426 2584 ut
452 2517 638 2584 Philodami
670 2539 802 2584 causam
827 2524 1046 2606 cognosceret.

41 2609 181 2674 Venerat
203 2609 287 2694 ipse,
313 2608 369 2691 qui
392 2610 479 2672 esset
499 2607 535 2671 in
557 2605 693 2672 consilio
716 2611 750 2672 et
771 2607 897 2693 primus
920 2611 1046 2672 senten-

43 2699 119 2762 tiam
147 2697 283 2780 diceret3
310 2695 488 2762 adduxerat
513 2695 613 2760 etiam
635 2693 817 2780 praefectos
841 2700 874 2760 et
895 2695 1045 2759 tribunos

42 2787 198 2851 militares
217 2805 303 2868 suos,
325 2803 406 2868 quos
425 2782 512 2850 Nero
532 2801 642 2848 onmes
661 2784 696 2848 in
713 2783 885 2850 consilium
903 2781 1046 2864 vocavit3

13 2879 108 2938 cerac
125 2875 161 2938 in
184 2871 320 2938 consilio
344 2873 443 2938 etiam
467 2871 691 2956 aequissumus
712 2872 809 2936 iudex
829 2871 902 2954 ipse
916 2870 1047 2953 Verres,

43 2966 131 3027 eraut
157 2981 226 3027 non
250 2960 335 3026 nulli
359 2959 468 3046 togati
490 2960 667 3026 creditores
691 2957 902 3040 Graecorum,
929 2957 1046 3042 quibus

42 3051 79 3114 ad
110 3049 285 3136 exigendas
317 3049 470 3134 pecunias
499 3048 734 3132 improbissimi
763 3046 917 3130 cuiusque
944 3046 1047 3132 legati

42 3139 216 3221 plurimum
233 3137 367 3220 prodest
386 3137 501 3224 gratia.
537 3137 598 3201 lile
617 3135 716 3200 miser
733 3133 934 3198 defensorem
957 3155 1046 3217 repe-
1064 3143 1100 3194 'll

43 3227 102 3290 rire
129 3225 293 3292 neminem
320 3227 464 3310 poteret3
492 3225 565 3309 quis
593 3225 680 3289 enim
707 3226 793 3288 esset
821 3225 878 3287 eut
902 3225 1047 3307 togatus,

17 3316 95 3396 equi
113 3313 307 3380 Dolabellae
325 3313 442 3400 gratia,
466 3317 522 3378 aut
541 3311 692 3395 Graecus,
715 3309 771 3395 qui
793 3310 936 3375 eiusdem
957 3309 992 3374 vi
1014 3313 1047 3374 et

45 3403 177 3486 imperio
203 3421 269 3468 non
291 3401 498 3468 moveretur?
540 3401 718 3466 Accusator
740 3403 850 3466 autem
873 3399 1048 3484 apponitur

47 3491 119 3554 civis
147 3481 314 3556 Romanus
343 3489 381 3555 de
411 3489 625 3554 creditoribus
653 3489 960 3573 Lampsacenorum
992 3483 1048 3566 qui
