<?xml version="1.0" encoding="UTF-8"?>
<!DOCTYPE html PUBLIC "-//W3C//DTD XHTML 1.0 Transitional//EN"
    "http://www.w3.org/TR/xhtml1/DTD/xhtml1-transitional.dtd">
<html xmlns="http://www.w3.org/1999/xhtml" xml:lang="en" lang="en">
 <head>
  <title>
</title>
<meta http-equiv="Content-Type" content="text/html;charset=utf-8" />
  <meta name='ocr-system' content='tesseract 3.04.00' />
  <meta name='ocr-capabilities' content='ocr_page ocr_carea ocr_par ocr_line ocrx_word'/>
</head>
<body>
  <div class='ocr_page' id='page_1' title='image "./mtulliiciceroni02mlgoog/mtulliiciceroni02mlgoog_0249.png"; bbox 0 0 2414 3936; ppageno 0'>
   <div class='ocr_carea' id='block_1_1' title="bbox 144 177 910 244">
    <p class='ocr_par' dir='ltr' id='par_1_1' title="bbox 144 177 910 244">
     <span class='ocr_line' id='line_1_1' title="bbox 144 177 910 244; baseline -0.008 -1"><span class='ocrx_word' id='word_1_1' title='bbox 144 177 208 244; x_wconf 80' lang='grc'>132</span> <span class='ocrx_word' id='word_1_2' title='bbox 380 177 419 232; x_wconf 81' lang='lat' dir='ltr'>IN</span> <span class='ocrx_word' id='word_1_3' title='bbox 438 177 466 233; x_wconf 82' lang='lat' dir='ltr'>O.</span> <span class='ocrx_word' id='word_1_4' title='bbox 486 179 641 234; x_wconf 78' lang='lat' dir='ltr'>VERREM</span> <span class='ocrx_word' id='word_1_5' title='bbox 657 179 766 236; x_wconf 74' lang='lat' dir='ltr'><strong>ACTIO</strong></span> <span class='ocrx_word' id='word_1_6' title='bbox 786 179 910 236; x_wconf 71' lang='lat' dir='ltr'>Pansa.</span> 
     </span>
    </p>
   </div>
   <div class='ocr_carea' id='block_1_2' title="bbox 89 321 1194 2955">
    <p class='ocr_par' dir='ltr' id='par_1_2' title="bbox 89 321 1194 2955">
     <span class='ocr_line' id='line_1_2' title="bbox 141 321 1135 407; baseline 0.002 -19"><span class='ocrx_word' id='word_1_7' title='bbox 141 322 240 388; x_wconf 83' lang='lat' dir='ltr'>atiani</span> <span class='ocrx_word' id='word_1_8' title='bbox 257 321 463 407; x_wconf 84' lang='lat' dir='ltr'>praefuturus</span> <span class='ocrx_word' id='word_1_9' title='bbox 483 328 541 389; x_wconf 90' lang='lat' dir='ltr'>est.</span> <span class='ocrx_word' id='word_1_10' title='bbox 576 322 628 388; x_wconf 88' lang='lat' dir='ltr'>Ita</span> <span class='ocrx_word' id='word_1_11' title='bbox 647 323 822 390; x_wconf 89' lang='lat' dir='ltr'>secundum</span> <span class='ocrx_word' id='word_1_12' title='bbox 840 323 1004 391; x_wconf 75' lang='lat' dir='ltr'><strong>Kalendas</strong></span> <span class='ocrx_word' id='word_1_13' title='bbox 1022 323 1135 391; x_wconf 78' lang='lat' dir='ltr'><strong>Ianuar.</strong></span> 
     </span>
     <span class='ocr_line' id='line_1_3' title="bbox 142 412 1136 500; baseline 0.003 -25"><span class='ocrx_word' id='word_1_14' title='bbox 142 415 175 475; x_wconf 91' lang='lat' dir='ltr'>et</span> <span class='ocrx_word' id='word_1_15' title='bbox 196 415 346 495; x_wconf 90' lang='lat' dir='ltr'>praetore</span> <span class='ocrx_word' id='word_1_16' title='bbox 369 415 401 476; x_wconf 91' lang='lat' dir='ltr'>et</span> <span class='ocrx_word' id='word_1_17' title='bbox 423 432 524 496; x_wconf 85' lang='lat' dir='ltr'>prope</span> <span class='ocrx_word' id='word_1_18' title='bbox 546 413 618 476; x_wconf 87' lang='lat' dir='ltr'>tcto</span> <span class='ocrx_word' id='word_1_19' title='bbox 640 412 777 477; x_wconf 89' lang='lat' dir='ltr'>consilio</span> <span class='ocrx_word' id='word_1_20' title='bbox 794 416 1001 480; x_wconf 87' lang='lat' dir='ltr'>commutato</span> <span class='ocrx_word' id='word_1_21' title='bbox 1014 433 1136 500; x_wconf 89' lang='lat' dir='ltr'>magnas</span> 
     </span>
     <span class='ocr_line' id='line_1_4' title="bbox 142 499 1136 594; baseline 0 -30"><span class='ocrx_word' id='word_1_22' title='bbox 142 499 339 564; x_wconf 87' lang='lat' dir='ltr'>accusatoris</span> <span class='ocrx_word' id='word_1_23' title='bbox 371 499 476 564; x_wconf 88' lang='lat' dir='ltr'>mines</span> <span class='ocrx_word' id='word_1_24' title='bbox 508 503 724 584; x_wconf 81' lang='lat' dir='ltr'>magnamque</span> <span class='ocrx_word' id='word_1_25' title='bbox 750 500 861 566; x_wconf 88' lang='lat' dir='ltr'>indicii</span> <span class='ocrx_word' id='word_1_26' title='bbox 894 502 1136 594; x_wconf 70' lang='lat' dir='ltr'>expectationem</span> 
     </span>
     <span class='ocr_line' id='line_1_5' title="bbox 89 585 1137 673; baseline 0 -21"><span class='ocrx_word' id='word_1_27' title='bbox 89 591 122 640; x_wconf 77' lang='lat'>31</span> <span class='ocrx_word' id='word_1_28' title='bbox 142 587 183 652; x_wconf 85' lang='lat' dir='ltr'>ed</span> <span class='ocrx_word' id='word_1_29' title='bbox 204 591 353 652; x_wconf 88' lang='lat' dir='ltr'>nostrum</span> <span class='ocrx_word' id='word_1_30' title='bbox 372 585 544 651; x_wconf 74' lang='lat' dir='ltr'><strong>arbitrium</strong></span> <span class='ocrx_word' id='word_1_31' title='bbox 562 587 793 673; x_wconf 87' lang='lat' dir='ltr'>libidinemque</span> <span class='ocrx_word' id='word_1_32' title='bbox 812 588 999 655; x_wconf 89' lang='lat' dir='ltr'>eludamus.&#39;</span> <span class='ocrx_word' id='word_1_33' title='bbox 1037 587 1137 655; x_wconf 86' lang='lat' dir='ltr'>Nonae</span> 
     </span>
     <span class='ocr_line' id='line_1_6' title="bbox 142 671 1156 763; baseline 0 -23"><span class='ocrx_word' id='word_1_34' title='bbox 142 680 218 740; x_wconf 89' lang='lat' dir='ltr'>sunt</span> <span class='ocrx_word' id='word_1_35' title='bbox 248 674 344 740; x_wconf 89' lang='lat' dir='ltr'>hodie</span> <span class='ocrx_word' id='word_1_36' title='bbox 376 671 527 758; x_wconf 60' lang='lat' dir='ltr'>Sextilem</span> <span class='ocrx_word' id='word_1_37' title='bbox 562 673 645 739; x_wconf 88' lang='lat' dir='ltr'>hora</span> <span class='ocrx_word' id='word_1_38' title='bbox 681 691 746 741; x_wconf 87' lang='lat' dir='ltr'>vrrr</span> <span class='ocrx_word' id='word_1_39' title='bbox 782 676 952 743; x_wconf 85' lang='lat' dir='ltr'>convenire</span> <span class='ocrx_word' id='word_1_40' title='bbox 989 676 1156 763; x_wconf 63' lang='lat' dir='ltr'>cooptatae</span> 
     </span>
     <span class='ocr_line' id='line_1_7' title="bbox 140 761 1193 862; baseline 0 -34"><span class='ocrx_word' id='word_1_41' title='bbox 140 763 236 828; x_wconf 86' lang='lat' dir='ltr'>Hunc</span> <span class='ocrx_word' id='word_1_42' title='bbox 263 762 348 826; x_wconf 91' lang='lat' dir='ltr'>diem</span> <span class='ocrx_word' id='word_1_43' title='bbox 374 761 441 826; x_wconf 88' lang='lat' dir='ltr'>iam</span> <span class='ocrx_word' id='word_1_44' title='bbox 467 783 509 827; x_wconf 91' lang='lat' dir='ltr'>ne</span> <span class='ocrx_word' id='word_1_45' title='bbox 537 767 710 828; x_wconf 87' lang='lat' dir='ltr'>numerant</span> <span class='ocrx_word' id='word_1_46' title='bbox 742 763 880 847; x_wconf 88' lang='lat' dir='ltr'>quidem.</span> <span class='ocrx_word' id='word_1_47' title='bbox 929 762 1051 830; x_wconf 89' lang='lat' dir='ltr'>Decem</span> <span class='ocrx_word' id='word_1_48' title='bbox 1081 763 1137 830; x_wconf 83' lang='lat' dir='ltr'>dier</span> <span class='ocrx_word' id='word_1_49' title='bbox 1192 805 1193 862; x_wconf 43' lang='lat' dir='ltr'>p</span> 
     </span>
     <span class='ocr_line' id='line_1_8' title="bbox 141 849 1193 954; baseline -0.001 -39"><span class='ocrx_word' id='word_1_50' title='bbox 141 854 218 916; x_wconf 86' lang='lat' dir='ltr'>sunt</span> <span class='ocrx_word' id='word_1_51' title='bbox 240 855 315 914; x_wconf 87' lang='lat' dir='ltr'>ante</span> <span class='ocrx_word' id='word_1_52' title='bbox 338 850 431 914; x_wconf 89' lang='lat' dir='ltr'>ludos</span> <span class='ocrx_word' id='word_1_53' title='bbox 454 850 596 934; x_wconf 80' lang='lat' dir='ltr'>votivos,</span> <span class='ocrx_word' id='word_1_54' title='bbox 625 872 707 934; x_wconf 89' lang='lat' dir='ltr'>quos</span> <span class='ocrx_word' id='word_1_55' title='bbox 730 849 787 916; x_wconf 84' lang='lat' dir='ltr'>On.</span> <span class='ocrx_word' id='word_1_56' title='bbox 809 850 983 937; x_wconf 88' lang='lat' dir='ltr'>Pompeius</span> <span class='ocrx_word' id='word_1_57' title='bbox 1007 853 1138 918; x_wconf 80' lang='lat' dir='ltr'>faotums</span> <span class='ocrx_word' id='word_1_58' title='bbox 1192 877 1193 954; x_wconf 51' lang='lat' dir='ltr'>p</span> 
     </span>
     <span class='ocr_line' id='line_1_9' title="bbox 141 935 1193 1022; baseline -0.001 -19"><span class='ocrx_word' id='word_1_59' title='bbox 141 943 204 1022; x_wconf 81' lang='lat' dir='ltr'>est3</span> <span class='ocrx_word' id='word_1_60' title='bbox 226 936 263 1002; x_wconf 92' lang='lat' dir='ltr'>hi</span> <span class='ocrx_word' id='word_1_61' title='bbox 284 937 353 1003; x_wconf 91' lang='lat' dir='ltr'>ludi</span> <span class='ocrx_word' id='word_1_62' title='bbox 375 935 442 1002; x_wconf 87' lang='lat' dir='ltr'>dies</span> <span class='ocrx_word' id='word_1_63' title='bbox 467 938 648 1021; x_wconf 86' lang='lat' dir='ltr'>quindecim</span> <span class='ocrx_word' id='word_1_64' title='bbox 672 937 832 1022; x_wconf 80' lang='lat' dir='ltr'>auferent3</span> <span class='ocrx_word' id='word_1_65' title='bbox 860 939 973 1004; x_wconf 91' lang='lat' dir='ltr'>deinde</span> <span class='ocrx_word' id='word_1_66' title='bbox 998 940 1137 1006; x_wconf 89' lang='lat' dir='ltr'>continuo</span> <span class='ocrx_word' id='word_1_67' title='bbox 1192 957 1193 1020; x_wconf 60' lang='lat' dir='ltr'>q</span> 
     </span>
     <span class='ocr_line' id='line_1_10' title="bbox 140 1025 1193 1113; baseline -0.001 -21"><span class='ocrx_word' id='word_1_68' title='bbox 140 1025 281 1092; x_wconf 88' lang='lat' dir='ltr'>Romani</span> <span class='ocrx_word' id='word_1_69' title='bbox 294 1031 539 1111; x_wconf 77' lang='lat' dir='ltr'>consequentur.</span> <span class='ocrx_word' id='word_1_70' title='bbox 570 1025 622 1090; x_wconf 86' lang='lat' dir='ltr'>Ita</span> <span class='ocrx_word' id='word_1_71' title='bbox 635 1047 737 1111; x_wconf 89' lang='lat' dir='ltr'>prope</span> <span class='ocrx_word' id='word_1_72' title='bbox 752 1043 798 1090; x_wconf 84' lang='lat' dir='ltr'>xn</span> <span class='ocrx_word' id='word_1_73' title='bbox 816 1027 929 1092; x_wconf 89' lang='lat' dir='ltr'>diebus</span> <span class='ocrx_word' id='word_1_74' title='bbox 948 1027 1138 1113; x_wconf 87' lang='lat' dir='ltr'>interpositis</span> <span class='ocrx_word' id='word_1_75' title='bbox 1192 1025 1193 1080; x_wconf 76' lang='lat' dir='ltr'>l</span> 
     </span>
     <span class='ocr_line' id='line_1_11' title="bbox 141 1114 1193 1200; baseline 0 -21"><span class='ocrx_word' id='word_1_76' title='bbox 141 1120 212 1179; x_wconf 87' lang='lat' dir='ltr'>tum</span> <span class='ocrx_word' id='word_1_77' title='bbox 235 1114 371 1199; x_wconf 90' lang='lat' dir='ltr'>deniqne</span> <span class='ocrx_word' id='word_1_78' title='bbox 393 1135 428 1178; x_wconf 91' lang='lat' dir='ltr'>se</span> <span class='ocrx_word' id='word_1_79' title='bbox 451 1114 492 1178; x_wconf 88' lang='lat' dir='ltr'>ad</span> <span class='ocrx_word' id='word_1_80' title='bbox 515 1135 566 1197; x_wconf 86' lang='lat' dir='ltr'>ee,</span> <span class='ocrx_word' id='word_1_81' title='bbox 592 1135 675 1197; x_wconf 84' lang='lat' dir='ltr'>quae</span> <span class='ocrx_word' id='word_1_82' title='bbox 698 1114 834 1179; x_wconf 86' lang='lat' dir='ltr'>anobis</span> <span class='ocrx_word' id='word_1_83' title='bbox 858 1115 945 1182; x_wconf 89' lang='lat' dir='ltr'>dieta</span> <span class='ocrx_word' id='word_1_84' title='bbox 966 1119 1076 1200; x_wconf 86' lang='lat' dir='ltr'>erunt,</span> <span class='ocrx_word' id='word_1_85' title='bbox 1100 1129 1165 1179; x_wconf 81' lang='lat' dir='ltr'>re1⁰</span> <span class='ocrx_word' id='word_1_86' title='bbox 1192 1117 1193 1170; x_wconf 64' lang='lat' dir='ltr'>l</span> 
     </span>
     <span class='ocr_line' id='line_1_12' title="bbox 141 1201 1193 1288; baseline -0.003 -20"><span class='ocrx_word' id='word_1_87' title='bbox 141 1223 317 1288; x_wconf 88' lang='lat' dir='ltr'>sponsuros</span> <span class='ocrx_word' id='word_1_88' title='bbox 350 1222 420 1267; x_wconf 85' lang='lat' dir='ltr'>esse</span> <span class='ocrx_word' id='word_1_89' title='bbox 456 1201 670 1284; x_wconf 81' lang='lat' dir='ltr'>arbitrentur3</span> <span class='ocrx_word' id='word_1_90' title='bbox 706 1201 819 1266; x_wconf 89' lang='lat' dir='ltr'>deinde</span> <span class='ocrx_word' id='word_1_91' title='bbox 857 1223 891 1267; x_wconf 89' lang='lat' dir='ltr'>se</span> <span class='ocrx_word' id='word_1_92' title='bbox 928 1203 1082 1270; x_wconf 82' lang='lat' dir='ltr'>ducturos</span> <span class='ocrx_word' id='word_1_93' title='bbox 1113 1207 1139 1266; x_wconf 90' lang='lat' dir='ltr'>et</span> <span class='ocrx_word' id='word_1_94' title='bbox 1192 1235 1193 1254; x_wconf 49' lang='lat' dir='ltr'>r</span> 
     </span>
     <span class='ocr_line' id='line_1_13' title="bbox 141 1288 1193 1375; baseline 0.002 -21"><span class='ocrx_word' id='word_1_95' title='bbox 141 1289 274 1355; x_wconf 89' lang='lat' dir='ltr'>dicendo</span> <span class='ocrx_word' id='word_1_96' title='bbox 303 1293 336 1354; x_wconf 89' lang='lat' dir='ltr'>et</span> <span class='ocrx_word' id='word_1_97' title='bbox 362 1289 542 1355; x_wconf 80' lang='lat' dir='ltr'>exarmando</span> <span class='ocrx_word' id='word_1_98' title='bbox 568 1288 665 1354; x_wconf 82' lang='lat' dir='ltr'>facile</span> <span class='ocrx_word' id='word_1_99' title='bbox 692 1289 733 1354; x_wconf 88' lang='lat' dir='ltr'>ad</span> <span class='ocrx_word' id='word_1_100' title='bbox 755 1288 849 1355; x_wconf 88' lang='lat' dir='ltr'>ludos</span> <span class='ocrx_word' id='word_1_101' title='bbox 871 1288 1054 1375; x_wconf 79' lang='lat' dir='ltr'>Victoriae3</span> <span class='ocrx_word' id='word_1_102' title='bbox 1079 1311 1138 1356; x_wconf 87' lang='lat' dir='ltr'>cun</span> <span class='ocrx_word' id='word_1_103' title='bbox 1192 1319 1193 1322; x_wconf 41' lang='lat'>¹</span> 
     </span>
     <span class='ocr_line' id='line_1_14' title="bbox 140 1376 1139 1462; baseline -0.003 -19"><span class='ocrx_word' id='word_1_104' title='bbox 140 1378 191 1443; x_wconf 92' lang='lat' dir='ltr'>his</span> <span class='ocrx_word' id='word_1_105' title='bbox 214 1377 359 1462; x_wconf 88' lang='lat' dir='ltr'>plebeios</span> <span class='ocrx_word' id='word_1_106' title='bbox 383 1397 453 1442; x_wconf 89' lang='lat' dir='ltr'>esse</span> <span class='ocrx_word' id='word_1_107' title='bbox 473 1377 675 1460; x_wconf 85' lang='lat' dir='ltr'>coniunctos3</span> <span class='ocrx_word' id='word_1_108' title='bbox 699 1376 873 1443; x_wconf 86' lang='lat' dir='ltr'>secundnm</span> <span class='ocrx_word' id='word_1_109' title='bbox 892 1399 973 1462; x_wconf 88' lang='lat' dir='ltr'>quoa</span> <span class='ocrx_word' id='word_1_110' title='bbox 994 1383 1054 1445; x_wconf 88' lang='lat' dir='ltr'>ant</span> <span class='ocrx_word' id='word_1_111' title='bbox 1069 1377 1139 1442; x_wconf 89' lang='lat' dir='ltr'>nulli</span> 
     </span>
     <span class='ocr_line' id='line_1_15' title="bbox 141 1465 1139 1550; baseline -0.002 -19"><span class='ocrx_word' id='word_1_112' title='bbox 141 1471 198 1531; x_wconf 90' lang='lat' dir='ltr'>aut</span> <span class='ocrx_word' id='word_1_113' title='bbox 216 1465 369 1549; x_wconf 87' lang='lat' dir='ltr'>perpauci</span> <span class='ocrx_word' id='word_1_114' title='bbox 388 1465 454 1528; x_wconf 84' lang='lat' dir='ltr'>dies</span> <span class='ocrx_word' id='word_1_115' title='bbox 474 1465 516 1528; x_wconf 91' lang='lat' dir='ltr'>ad</span> <span class='ocrx_word' id='word_1_116' title='bbox 534 1465 694 1550; x_wconf 87' lang='lat' dir='ltr'>agendum</span> <span class='ocrx_word' id='word_1_117' title='bbox 713 1465 814 1530; x_wconf 83' lang='lat' dir='ltr'>futuri</span> <span class='ocrx_word' id='word_1_118' title='bbox 832 1471 917 1531; x_wconf 88' lang='lat' dir='ltr'>sunt.</span> <span class='ocrx_word' id='word_1_119' title='bbox 953 1465 1008 1532; x_wconf 88' lang='lat' dir='ltr'>lta</span> <span class='ocrx_word' id='word_1_120' title='bbox 1027 1466 1139 1532; x_wconf 86' lang='lat' dir='ltr'>defessa</span> 
     </span>
     <span class='ocr_line' id='line_1_16' title="bbox 141 1551 1166 1639; baseline 0 -21"><span class='ocrx_word' id='word_1_121' title='bbox 141 1575 179 1618; x_wconf 87' lang='lat' dir='ltr'>ae</span> <span class='ocrx_word' id='word_1_122' title='bbox 192 1551 386 1637; x_wconf 85' lang='lat' dir='ltr'>refrigerate</span> <span class='ocrx_word' id='word_1_123' title='bbox 399 1552 603 1618; x_wconf 88' lang='lat' dir='ltr'>accusatione</span> <span class='ocrx_word' id='word_1_124' title='bbox 616 1574 686 1617; x_wconf 88' lang='lat' dir='ltr'>rem</span> <span class='ocrx_word' id='word_1_125' title='bbox 698 1552 861 1639; x_wconf 87' lang='lat' dir='ltr'>integram</span> <span class='ocrx_word' id='word_1_126' title='bbox 877 1554 917 1619; x_wconf 89' lang='lat' dir='ltr'>ad</span> <span class='ocrx_word' id='word_1_127' title='bbox 928 1552 971 1619; x_wconf 79' lang='lat' dir='ltr'>M</span> <span class='ocrx_word' id='word_1_128' title='bbox 980 1552 1138 1620; x_wconf 87' lang='lat' dir='ltr'>Metellum</span> <span class='ocrx_word' id='word_1_129' title='bbox 1150 1566 1166 1605; x_wconf 77' lang='lat'>¹⁵</span> 
     </span>
     <span class='ocr_line' id='line_1_17' title="bbox 140 1639 1139 1727; baseline -0.003 -22"><span class='ocrx_word' id='word_1_130' title='bbox 140 1645 324 1725; x_wconf 71' lang='lat' dir='ltr'>praetorem</span> <span class='ocrx_word' id='word_1_131' title='bbox 356 1661 426 1704; x_wconf 89' lang='lat' dir='ltr'>esse</span> <span class='ocrx_word' id='word_1_132' title='bbox 458 1644 637 1706; x_wconf 83' lang='lat' dir='ltr'>venturam.</span> <span class='ocrx_word' id='word_1_133' title='bbox 688 1639 790 1716; x_wconf 81' lang='lat' dir='ltr'>Quem</span> <span class='ocrx_word' id='word_1_134' title='bbox 818 1662 880 1727; x_wconf 90' lang='lat' dir='ltr'>ego</span> <span class='ocrx_word' id='word_1_135' title='bbox 911 1641 1089 1725; x_wconf 87' lang='lat' dir='ltr'>hominem,</span> <span class='ocrx_word' id='word_1_136' title='bbox 1117 1639 1139 1703; x_wconf 88' lang='lat' dir='ltr'>si</span> 
     </span>
     <span class='ocr_line' id='line_1_18' title="bbox 141 1726 1139 1811; baseline -0.002 -17"><span class='ocrx_word' id='word_1_137' title='bbox 141 1729 209 1794; x_wconf 91' lang='lat' dir='ltr'>eius</span> <span class='ocrx_word' id='word_1_138' title='bbox 240 1727 316 1793; x_wconf 89' lang='lat' dir='ltr'>fidei</span> <span class='ocrx_word' id='word_1_139' title='bbox 347 1726 471 1793; x_wconf 79' lang='lat' dir='ltr'>diffisus</span> <span class='ocrx_word' id='word_1_140' title='bbox 504 1749 621 1811; x_wconf 87' lang='lat' dir='ltr'>essem,</span> <span class='ocrx_word' id='word_1_141' title='bbox 657 1727 795 1794; x_wconf 88' lang='lat' dir='ltr'>iudicem</span> <span class='ocrx_word' id='word_1_142' title='bbox 828 1749 895 1794; x_wconf 87' lang='lat' dir='ltr'>non</span> <span class='ocrx_word' id='word_1_143' title='bbox 930 1730 1139 1808; x_wconf 67' lang='lat' dir='ltr'>retinuissem</span> 
     </span>
     <span class='ocr_line' id='line_1_19' title="bbox 89 1816 1139 1903; baseline -0.005 -16"><span class='ocrx_word' id='word_1_144' title='bbox 89 1838 122 1887; x_wconf 76' lang='lat' dir='ltr'>ee</span> <span class='ocrx_word' id='word_1_145' title='bbox 140 1839 225 1883; x_wconf 91' lang='lat' dir='ltr'>nunc</span> <span class='ocrx_word' id='word_1_146' title='bbox 248 1821 358 1882; x_wconf 88' lang='lat' dir='ltr'>tamen</span> <span class='ocrx_word' id='word_1_147' title='bbox 380 1817 442 1882; x_wconf 88' lang='lat' dir='ltr'>hoc</span> <span class='ocrx_word' id='word_1_148' title='bbox 466 1816 574 1882; x_wconf 90' lang='lat' dir='ltr'>animo</span> <span class='ocrx_word' id='word_1_149' title='bbox 598 1837 678 1898; x_wconf 86' lang='lat' dir='ltr'>anm,</span> <span class='ocrx_word' id='word_1_150' title='bbox 700 1821 738 1881; x_wconf 92' lang='lat' dir='ltr'>ut</span> <span class='ocrx_word' id='word_1_151' title='bbox 760 1837 798 1882; x_wconf 92' lang='lat' dir='ltr'>eo</span> <span class='ocrx_word' id='word_1_152' title='bbox 820 1816 925 1882; x_wconf 90' lang='lat' dir='ltr'>indice</span> <span class='ocrx_word' id='word_1_153' title='bbox 943 1837 1046 1901; x_wconf 88' lang='lat' dir='ltr'>quam</span> <span class='ocrx_word' id='word_1_154' title='bbox 1062 1836 1139 1903; x_wconf 83' lang='lat' dir='ltr'>prae</span> 
     </span>
     <span class='ocr_line' id='line_1_20' title="bbox 141 1899 1145 1990; baseline -0.004 -18"><span class='ocrx_word' id='word_1_155' title='bbox 141 1912 213 1972; x_wconf 90' lang='lat' dir='ltr'>tore</span> <span class='ocrx_word' id='word_1_156' title='bbox 240 1906 324 1972; x_wconf 86' lang='lat' dir='ltr'>hene</span> <span class='ocrx_word' id='word_1_157' title='bbox 350 1926 419 1971; x_wconf 89' lang='lat' dir='ltr'>rem</span> <span class='ocrx_word' id='word_1_158' title='bbox 446 1903 586 1990; x_wconf 75' lang='lat' dir='ltr'>transigi</span> <span class='ocrx_word' id='word_1_159' title='bbox 614 1903 726 1968; x_wconf 88' lang='lat' dir='ltr'>malim</span> <span class='ocrx_word' id='word_1_160' title='bbox 749 1908 783 1968; x_wconf 89' lang='lat' dir='ltr'>et</span> <span class='ocrx_word' id='word_1_161' title='bbox 804 1903 912 1970; x_wconf 88' lang='lat' dir='ltr'>iurato</span> <span class='ocrx_word' id='word_1_162' title='bbox 936 1925 1032 1972; x_wconf 87' lang='lat' dir='ltr'>suam</span> <span class='ocrx_word' id='word_1_163' title='bbox 1055 1899 1145 1990; x_wconf 83' lang='lat' dir='ltr'>quem</span> 
     </span>
     <span class='ocr_line' id='line_1_21' title="bbox 116 1991 1168 2065; baseline -0.004 -7"><span class='ocrx_word' id='word_1_164' title='bbox 116 2045 118 2050; x_wconf 91' lang='lat'><em>.</em></span> <span class='ocrx_word' id='word_1_165' title='bbox 141 1995 283 2065; x_wconf 87' lang='lat' dir='ltr'>iniurato</span> <span class='ocrx_word' id='word_1_166' title='bbox 307 1992 445 2058; x_wconf 89' lang='lat' dir='ltr'>aliorum</span> <span class='ocrx_word' id='word_1_167' title='bbox 467 1992 608 2056; x_wconf 88' lang='lat' dir='ltr'>tabellas</span> <span class='ocrx_word' id='word_1_168' title='bbox 631 1991 843 2057; x_wconf 90' lang='lat' dir='ltr'>committere.</span> <span class='ocrx_word' id='word_1_169' title='bbox 1149 2004 1168 2043; x_wconf 58' lang='grc' dir='ltr'>ω</span> 
     </span>
     <span class='ocr_line' id='line_1_22' title="bbox 89 2077 1141 2166; baseline -0.001 -21"><span class='ocrx_word' id='word_1_170' title='bbox 89 2088 130 2152; x_wconf 91' lang='grc'>11</span> <span class='ocrx_word' id='word_1_171' title='bbox 207 2080 302 2146; x_wconf 89' lang='lat' dir='ltr'>Nunc</span> <span class='ocrx_word' id='word_1_172' title='bbox 330 2099 405 2166; x_wconf 85' lang='lat' dir='ltr'>ego,</span> <span class='ocrx_word' id='word_1_173' title='bbox 435 2077 570 2161; x_wconf 86' lang='lat' dir='ltr'>indices,</span> <span class='ocrx_word' id='word_1_174' title='bbox 601 2077 668 2142; x_wconf 90' lang='lat' dir='ltr'>iam</span> <span class='ocrx_word' id='word_1_175' title='bbox 693 2100 753 2144; x_wconf 81' lang='lat' dir='ltr'>ros</span> <span class='ocrx_word' id='word_1_176' title='bbox 781 2080 928 2162; x_wconf 89' lang='lat' dir='ltr'>consulo,</span> <span class='ocrx_word' id='word_1_177' title='bbox 960 2081 1040 2165; x_wconf 90' lang='lat' dir='ltr'>quid</span> <span class='ocrx_word' id='word_1_178' title='bbox 1072 2078 1141 2146; x_wconf 90' lang='lat' dir='ltr'>mihi</span> 
     </span>
     <span class='ocr_line' id='line_1_23' title="bbox 140 2164 1140 2254; baseline -0.005 -19"><span class='ocrx_word' id='word_1_179' title='bbox 140 2169 323 2235; x_wconf 85' lang='lat' dir='ltr'>faciendum</span> <span class='ocrx_word' id='word_1_180' title='bbox 358 2164 494 2250; x_wconf 79' lang='lat' dir='ltr'>putetis3</span> <span class='ocrx_word' id='word_1_181' title='bbox 529 2165 564 2228; x_wconf 91' lang='lat' dir='ltr'>id</span> <span class='ocrx_word' id='word_1_182' title='bbox 599 2165 685 2229; x_wconf 90' lang='lat' dir='ltr'>enim</span> <span class='ocrx_word' id='word_1_183' title='bbox 721 2166 850 2231; x_wconf 77' lang='lat' dir='ltr'>consilii</span> <span class='ocrx_word' id='word_1_184' title='bbox 885 2167 966 2232; x_wconf 90' lang='lat' dir='ltr'>mihi</span> <span class='ocrx_word' id='word_1_185' title='bbox 1005 2168 1140 2254; x_wconf 85' lang='lat' dir='ltr'>profecto</span> 
     </span>
     <span class='ocr_line' id='line_1_24' title="bbox 140 2251 1140 2341; baseline -0.004 -19"><span class='ocrx_word' id='word_1_186' title='bbox 140 2256 234 2322; x_wconf 86' lang='lat' dir='ltr'>taciti</span> <span class='ocrx_word' id='word_1_187' title='bbox 251 2252 381 2331; x_wconf 86' lang='lat' dir='ltr'>dabitis,</span> <span class='ocrx_word' id='word_1_188' title='bbox 404 2251 489 2336; x_wconf 89' lang='lat' dir='ltr'>quod</span> <span class='ocrx_word' id='word_1_189' title='bbox 508 2255 638 2338; x_wconf 80' lang='lat' dir='ltr'>egomet</span> <span class='ocrx_word' id='word_1_190' title='bbox 655 2253 736 2318; x_wconf 88' lang='lat' dir='ltr'>mihi</span> <span class='ocrx_word' id='word_1_191' title='bbox 757 2255 938 2321; x_wconf 88' lang='lat' dir='ltr'>necessario</span> <span class='ocrx_word' id='word_1_192' title='bbox 960 2256 1140 2341; x_wconf 86' lang='lat' dir='ltr'>capiendum</span> 
     </span>
     <span class='ocr_line' id='line_1_25' title="bbox 140 2337 1140 2429; baseline -0.003 -20"><span class='ocrx_word' id='word_1_193' title='bbox 140 2344 307 2427; x_wconf 89' lang='lat' dir='ltr'>intellego.</span> <span class='ocrx_word' id='word_1_194' title='bbox 343 2337 378 2404; x_wconf 76' lang='lat' dir='ltr'>si</span> <span class='ocrx_word' id='word_1_195' title='bbox 396 2344 471 2405; x_wconf 87' lang='lat' dir='ltr'>utar</span> <span class='ocrx_word' id='word_1_196' title='bbox 489 2340 530 2405; x_wconf 88' lang='lat' dir='ltr'>ad</span> <span class='ocrx_word' id='word_1_197' title='bbox 548 2340 717 2407; x_wconf 89' lang='lat' dir='ltr'>dicendum</span> <span class='ocrx_word' id='word_1_198' title='bbox 735 2364 807 2409; x_wconf 87' lang='lat' dir='ltr'>meo</span> <span class='ocrx_word' id='word_1_199' title='bbox 826 2343 974 2429; x_wconf 89' lang='lat' dir='ltr'>legitimo</span> <span class='ocrx_word' id='word_1_200' title='bbox 993 2347 1140 2429; x_wconf 85' lang='lat' dir='ltr'>tempore,</span> 
     </span>
     <span class='ocr_line' id='line_1_26' title="bbox 141 2428 1168 2516; baseline -0.001 -20"><span class='ocrx_word' id='word_1_201' title='bbox 141 2431 205 2496; x_wconf 91' lang='lat' dir='ltr'>mei</span> <span class='ocrx_word' id='word_1_202' title='bbox 226 2429 363 2512; x_wconf 84' lang='lat' dir='ltr'>laboris,</span> <span class='ocrx_word' id='word_1_203' title='bbox 384 2428 563 2494; x_wconf 79' lang='lat' dir='ltr'>industriae</span> <span class='ocrx_word' id='word_1_204' title='bbox 586 2429 837 2516; x_wconf 70' lang='lat' dir='ltr'>diligentiaeque</span> <span class='ocrx_word' id='word_1_205' title='bbox 860 2430 986 2516; x_wconf 87' lang='lat' dir='ltr'>capiam</span> <span class='ocrx_word' id='word_1_206' title='bbox 1009 2431 1168 2497; x_wconf 69' lang='lat' dir='ltr'>fructum¹⁵</span> 
     </span>
     <span class='ocr_line' id='line_1_27' title="bbox 142 2516 1194 2605; baseline -0.002 -22"><span class='ocrx_word' id='word_1_207' title='bbox 142 2523 175 2584; x_wconf 87' lang='lat' dir='ltr'>et</span> <span class='ocrx_word' id='word_1_208' title='bbox 199 2521 251 2598; x_wconf 86' lang='lat' dir='ltr'>[ex</span> <span class='ocrx_word' id='word_1_209' title='bbox 274 2517 492 2598; x_wconf 86' lang='lat' dir='ltr'>accusatione]</span> <span class='ocrx_word' id='word_1_210' title='bbox 514 2516 693 2602; x_wconf 87' lang='lat' dir='ltr'>perficiam,</span> <span class='ocrx_word' id='word_1_211' title='bbox 720 2521 758 2583; x_wconf 87' lang='lat' dir='ltr'>nt</span> <span class='ocrx_word' id='word_1_212' title='bbox 778 2539 874 2584; x_wconf 91' lang='lat' dir='ltr'>nemo</span> <span class='ocrx_word' id='word_1_213' title='bbox 896 2540 1054 2604; x_wconf 88' lang='lat' dir='ltr'>nmquam</span> <span class='ocrx_word' id='word_1_214' title='bbox 1075 2520 1140 2605; x_wconf 85' lang='lat' dir='ltr'>post</span> <span class='ocrx_word' id='word_1_215' title='bbox 1193 2555 1194 2600; x_wconf 51' lang='lat' dir='ltr'>q</span> 
     </span>
     <span class='ocr_line' id='line_1_28' title="bbox 137 2604 1194 2692; baseline -0.007 -19"><span class='ocrx_word' id='word_1_216' title='bbox 137 2605 309 2673; x_wconf 88' lang='lat' dir='ltr'>hominum</span> <span class='ocrx_word' id='word_1_217' title='bbox 332 2605 523 2671; x_wconf 89' lang='lat' dir='ltr'>memoriam</span> <span class='ocrx_word' id='word_1_218' title='bbox 540 2605 695 2690; x_wconf 85' lang='lat' dir='ltr'>paratior,</span> <span class='ocrx_word' id='word_1_219' title='bbox 717 2604 916 2691; x_wconf 77' lang='lat' dir='ltr'>vigilantior,</span> <span class='ocrx_word' id='word_1_220' title='bbox 939 2607 1141 2692; x_wconf 78' lang='lat' dir='ltr'>compositior</span> <span class='ocrx_word' id='word_1_221' title='bbox 1193 2609 1194 2682; x_wconf 72' lang='lat' dir='ltr'>l</span> 
     </span>
     <span class='ocr_line' id='line_1_29' title="bbox 141 2691 1194 2760; baseline -0.004 0"><span class='ocrx_word' id='word_1_222' title='bbox 141 2695 183 2760; x_wconf 89' lang='lat' dir='ltr'>ad</span> <span class='ocrx_word' id='word_1_223' title='bbox 210 2693 363 2759; x_wconf 88' lang='lat' dir='ltr'>indicium</span> <span class='ocrx_word' id='word_1_224' title='bbox 389 2693 517 2758; x_wconf 83' lang='lat' dir='ltr'>venisse</span> <span class='ocrx_word' id='word_1_225' title='bbox 543 2693 700 2758; x_wconf 82' lang='lat' dir='ltr'>rideatur.</span> <span class='ocrx_word' id='word_1_226' title='bbox 746 2691 808 2758; x_wconf 82' lang='lat' dir='ltr'>Sed</span> <span class='ocrx_word' id='word_1_227' title='bbox 834 2694 870 2758; x_wconf 93' lang='lat' dir='ltr'>in</span> <span class='ocrx_word' id='word_1_228' title='bbox 895 2694 957 2760; x_wconf 88' lang='lat' dir='ltr'>hac</span> <span class='ocrx_word' id='word_1_229' title='bbox 986 2695 1083 2760; x_wconf 87' lang='lat' dir='ltr'>laude</span> <span class='ocrx_word' id='word_1_230' title='bbox 1102 2695 1141 2756; x_wconf 91' lang='lat' dir='ltr'>in·</span> <span class='ocrx_word' id='word_1_231' title='bbox 1193 2695 1194 2724; x_wconf 48' lang='lat' dir='ltr'>f</span> 
     </span>
     <span class='ocr_line' id='line_1_30' title="bbox 142 2781 1140 2867; baseline -0.004 -18"><span class='ocrx_word' id='word_1_232' title='bbox 142 2783 285 2849; x_wconf 78' lang='lat' dir='ltr'>ductrice</span> <span class='ocrx_word' id='word_1_233' title='bbox 307 2803 411 2864; x_wconf 88' lang='lat' dir='ltr'>meae,</span> <span class='ocrx_word' id='word_1_234' title='bbox 434 2802 507 2845; x_wconf 87' lang='lat' dir='ltr'>rens</span> <span class='ocrx_word' id='word_1_235' title='bbox 529 2802 570 2844; x_wconf 89' lang='lat' dir='ltr'>ne</span> <span class='ocrx_word' id='word_1_236' title='bbox 593 2781 755 2864; x_wconf 87' lang='lat' dir='ltr'>elabatur,</span> <span class='ocrx_word' id='word_1_237' title='bbox 786 2803 948 2847; x_wconf 90' lang='lat' dir='ltr'>summum</span> <span class='ocrx_word' id='word_1_238' title='bbox 971 2781 1140 2867; x_wconf 87' lang='lat' dir='ltr'>periculum</span> 
     </span>
     <span class='ocr_line' id='line_1_31' title="bbox 143 2868 1169 2955; baseline -0.002 -19"><span class='ocrx_word' id='word_1_239' title='bbox 143 2876 201 2937; x_wconf 78' lang='lat' dir='ltr'>est,</span> <span class='ocrx_word' id='word_1_240' title='bbox 238 2869 322 2947; x_wconf 84' lang='lat' dir='ltr'>Quid</span> <span class='ocrx_word' id='word_1_241' title='bbox 340 2873 390 2935; x_wconf 80' lang='lat' dir='ltr'>eat</span> <span class='ocrx_word' id='word_1_242' title='bbox 407 2868 518 2955; x_wconf 89' lang='lat' dir='ltr'>igitur,</span> <span class='ocrx_word' id='word_1_243' title='bbox 537 2868 623 2953; x_wconf 91' lang='lat' dir='ltr'>qnod</span> <span class='ocrx_word' id='word_1_244' title='bbox 636 2869 707 2933; x_wconf 89' lang='lat' dir='ltr'>fiori</span> <span class='ocrx_word' id='word_1_245' title='bbox 719 2869 847 2954; x_wconf 81' lang='lat' dir='ltr'>possit?</span> <span class='ocrx_word' id='word_1_246' title='bbox 878 2868 955 2934; x_wconf 86' lang='lat' dir='ltr'>Non</span> <span class='ocrx_word' id='word_1_247' title='bbox 967 2871 1169 2948; x_wconf 67' lang='lat' dir='ltr'>obscurano</span> 
     </span>
    </p>
   </div>
   <div class='ocr_carea' id='block_1_3' title="bbox 90 2955 1168 3568">
    <p class='ocr_par' dir='ltr' id='par_1_3' title="bbox 90 2955 1168 3568">
     <span class='ocr_line' id='line_1_32' title="bbox 90 2955 1140 3045; baseline -0.005 -20"><span class='ocrx_word' id='word_1_248' title='bbox 90 2975 123 3025; x_wconf 75' lang='lat' dir='ltr'>aa</span> <span class='ocrx_word' id='word_1_249' title='bbox 143 2960 272 3045; x_wconf 88' lang='lat' dir='ltr'>opinor,</span> <span class='ocrx_word' id='word_1_250' title='bbox 302 2978 407 3042; x_wconf 91' lang='lat' dir='ltr'>neque</span> <span class='ocrx_word' id='word_1_251' title='bbox 441 2957 674 3022; x_wconf 87' lang='lat' dir='ltr'>absconditum.</span> <span class='ocrx_word' id='word_1_252' title='bbox 719 2955 874 3024; x_wconf 75' lang='lat' dir='ltr'>Fructum</span> <span class='ocrx_word' id='word_1_253' title='bbox 902 2957 1003 3024; x_wconf 89' lang='lat' dir='ltr'>istum</span> <span class='ocrx_word' id='word_1_254' title='bbox 1036 2956 1140 3036; x_wconf 85' lang='lat' dir='ltr'>laudis,</span> 
     </span>
     <span class='ocr_line' id='line_1_33' title="bbox 143 3044 1140 3132; baseline -0.004 -21"><span class='ocrx_word' id='word_1_255' title='bbox 143 3048 256 3132; x_wconf 88' lang='lat' dir='ltr'>quiex</span> <span class='ocrx_word' id='word_1_256' title='bbox 273 3048 431 3132; x_wconf 88' lang='lat' dir='ltr'>perpetua</span> <span class='ocrx_word' id='word_1_257' title='bbox 444 3045 590 3110; x_wconf 84' lang='lat' dir='ltr'>oratione</span> <span class='ocrx_word' id='word_1_258' title='bbox 603 3044 727 3130; x_wconf 90' lang='lat' dir='ltr'>percipi</span> <span class='ocrx_word' id='word_1_259' title='bbox 740 3045 857 3130; x_wconf 85' lang='lat' dir='ltr'>potuit,</span> <span class='ocrx_word' id='word_1_260' title='bbox 875 3045 910 3109; x_wconf 91' lang='lat' dir='ltr'>in</span> <span class='ocrx_word' id='word_1_261' title='bbox 923 3045 990 3111; x_wconf 90' lang='lat' dir='ltr'>alia</span> <span class='ocrx_word' id='word_1_262' title='bbox 1001 3049 1140 3131; x_wconf 86' lang='lat' dir='ltr'>tempora</span> 
     </span>
     <span class='ocr_line' id='line_1_34' title="bbox 141 3129 1139 3219; baseline -0.004 -19"><span class='ocrx_word' id='word_1_263' title='bbox 141 3154 356 3218; x_wconf 74' lang='lat' dir='ltr'>reservemus3</span> <span class='ocrx_word' id='word_1_264' title='bbox 382 3155 467 3198; x_wconf 88' lang='lat' dir='ltr'>nnnc</span> <span class='ocrx_word' id='word_1_265' title='bbox 488 3132 653 3198; x_wconf 89' lang='lat' dir='ltr'>hominem</span> <span class='ocrx_word' id='word_1_266' title='bbox 675 3133 812 3218; x_wconf 83' lang='lat' dir='ltr'>tabulis,</span> <span class='ocrx_word' id='word_1_267' title='bbox 835 3132 988 3218; x_wconf 85' lang='lat' dir='ltr'>testibus,</span> <span class='ocrx_word' id='word_1_268' title='bbox 1010 3129 1139 3219; x_wconf 82' lang='lat' dir='ltr'>privatis</span> 
     </span>
     <span class='ocr_line' id='line_1_35' title="bbox 140 3219 1139 3308; baseline -0.005 -22"><span class='ocrx_word' id='word_1_269' title='bbox 140 3221 342 3308; x_wconf 87' lang='lat' dir='ltr'>publicisque</span> <span class='ocrx_word' id='word_1_270' title='bbox 364 3221 485 3286; x_wconf 87' lang='lat' dir='ltr'>litteris</span> <span class='ocrx_word' id='word_1_271' title='bbox 509 3219 822 3304; x_wconf 79' lang='lat' dir='ltr'>auctoritatibusque</span> <span class='ocrx_word' id='word_1_272' title='bbox 845 3242 1039 3288; x_wconf 85' lang='lat' dir='ltr'>accusemus.</span> <span class='ocrx_word' id='word_1_273' title='bbox 1083 3220 1139 3285; x_wconf 84' lang='lat' dir='ltr'>Res</span> 
     </span>
     <span class='ocr_line' id='line_1_36' title="bbox 142 3303 1168 3396; baseline 0 -21"><span class='ocrx_word' id='word_1_274' title='bbox 142 3309 247 3375; x_wconf 90' lang='lat' dir='ltr'>omnis</span> <span class='ocrx_word' id='word_1_275' title='bbox 270 3309 351 3372; x_wconf 90' lang='lat' dir='ltr'>milri</span> <span class='ocrx_word' id='word_1_276' title='bbox 372 3312 479 3374; x_wconf 80' lang='lat' dir='ltr'>tecum</span> <span class='ocrx_word' id='word_1_277' title='bbox 503 3309 579 3392; x_wconf 85' lang='lat' dir='ltr'>erit,</span> <span class='ocrx_word' id='word_1_278' title='bbox 601 3305 766 3374; x_wconf 88' lang='lat' dir='ltr'>Hortensi.</span> <span class='ocrx_word' id='word_1_279' title='bbox 811 3308 927 3375; x_wconf 90' lang='lat' dir='ltr'>Dicam</span> <span class='ocrx_word' id='word_1_280' title='bbox 950 3314 1068 3396; x_wconf 85' lang='lat' dir='ltr'>aperte.</span> <span class='ocrx_word' id='word_1_281' title='bbox 1109 3303 1168 3368; x_wconf 70' lang='lat' dir='ltr'>Si⁸⁵</span> 
     </span>
     <span class='ocr_line' id='line_1_37' title="bbox 141 3395 1138 3464; baseline -0.004 -3"><span class='ocrx_word' id='word_1_282' title='bbox 141 3401 175 3461; x_wconf 89' lang='lat' dir='ltr'>te</span> <span class='ocrx_word' id='word_1_283' title='bbox 189 3415 313 3459; x_wconf 89' lang='lat' dir='ltr'>meeum</span> <span class='ocrx_word' id='word_1_284' title='bbox 328 3396 460 3460; x_wconf 89' lang='lat' dir='ltr'>dicendo</span> <span class='ocrx_word' id='word_1_285' title='bbox 481 3417 518 3460; x_wconf 88' lang='lat' dir='ltr'>ec</span> <span class='ocrx_word' id='word_1_286' title='bbox 536 3395 695 3460; x_wconf 87' lang='lat' dir='ltr'>diluendis</span> <span class='ocrx_word' id='word_1_287' title='bbox 714 3396 901 3462; x_wconf 89' lang='lat' dir='ltr'>criminibus</span> <span class='ocrx_word' id='word_1_288' title='bbox 920 3398 955 3462; x_wconf 93' lang='lat' dir='ltr'>in</span> <span class='ocrx_word' id='word_1_289' title='bbox 972 3397 1032 3464; x_wconf 87' lang='lat' dir='ltr'>hae</span> <span class='ocrx_word' id='word_1_290' title='bbox 1050 3414 1138 3462; x_wconf 85' lang='lat' dir='ltr'>eausa</span> 
     </span>
     <span class='ocr_line' id='line_1_38' title="bbox 142 3481 1138 3568; baseline -0.002 -20"><span class='ocrx_word' id='word_1_291' title='bbox 142 3481 333 3548; x_wconf 85' lang='lat' dir='ltr'>contendere</span> <span class='ocrx_word' id='word_1_292' title='bbox 356 3486 519 3566; x_wconf 86' lang='lat' dir='ltr'>putarem,</span> <span class='ocrx_word' id='word_1_293' title='bbox 549 3505 609 3568; x_wconf 84' lang='lat' dir='ltr'>ego</span> <span class='ocrx_word' id='word_1_294' title='bbox 634 3505 761 3568; x_wconf 88' lang='lat' dir='ltr'>quoque</span> <span class='ocrx_word' id='word_1_295' title='bbox 782 3485 817 3550; x_wconf 92' lang='lat' dir='ltr'>in</span> <span class='ocrx_word' id='word_1_296' title='bbox 845 3485 1022 3552; x_wconf 87' lang='lat' dir='ltr'>accusando</span> <span class='ocrx_word' id='word_1_297' title='bbox 1049 3487 1138 3566; x_wconf 85' lang='lat' dir='ltr'>atque</span> 
     </span>
    </p>
   </div>
   <div class='ocr_carea' id='block_1_4' title="bbox 0 0 1217 3936">
    <p class='ocr_par' dir='ltr' id='par_1_4' title="bbox 0 0 1217 3936">
     <span class='ocr_line' id='line_1_39' title="bbox 0 0 1217 3936; baseline 0 0"><span class='ocrx_word' id='word_1_298' title='bbox 0 0 1217 3936; x_wconf 95' lang='lat' dir='ltr'> </span> 
     </span>
    </p>
   </div>
  </div>
 </body>
</html>
