2392 3944
284 157 352 213 ΜΒ.
371 159 398 212 11
429 159 504 214 GAP.
524 165 628 214 ar—aa
647 167 663 226 6
681 166 794 216 66-66.
982 163 1046 228 219

43 301 140 388 longe
169 299 296 385 primus
329 303 472 368 civitatis
499 306 550 368 est
577 303 707 387 quidam
734 303 912 389 Epicrates.
962 306 1047 373 Huic

42 389 205 454 hereditas
224 389 280 456 HS
301 390 553 477 quingentorum
571 391 698 456 milium
716 396 849 458 venerat
870 417 890 458 a
911 395 1046 480 muliere

43 478 181 561 quadam
194 479 388 564 propinqua,
406 483 504 564 atque
522 479 570 545 ita
587 479 779 565 propinqua,
797 485 844 566 ut,
861 503 899 546 ea
918 482 1047 548 etiamsi

43 565 199 631 intestata
222 570 307 632 esset
330 571 472 652 mortua,
494 566 682 652 Epicratem
704 565 895 634 Bidinorum
918 570 1046 656 legibus

22 654 194 718 thercdem
221 675 292 720 esse
319 660 492 740 oporteret.
536 656 660 721 Recens
683 660 754 722 erat
776 657 836 722 illa
857 679 923 741 res,
949 680 1046 742 quarn

44 747 114 806 ante
140 742 375 828 demonstravi,
402 744 441 808 de
463 743 616 810 Heraclio
640 741 854 830 Syracusano,
883 746 938 831 qui
960 747 1046 812 bona

43 852 104 894 666
122 831 327 916 perdidisset,
349 831 413 896 nisi
431 831 462 897 61
483 833 626 898 venisset
647 832 819 899 hereditas.
860 833 944 900 Huic
968 857 1047 919 quo-

45 941 100 1002 que
132 918 284 1004 Epicrati
313 923 459 1004 venerat,
490 924 529 986 ut
561 920 640 1005 dixi,
671 921 843 987 hereditas.
893 921 1100 1009 cogitarem

44 1012 218 1092 coeperunt
249 1007 318 1072 eius
344 1007 466 1073 inimici
492 1007 596 1073 nihilo
623 1008 729 1074 minus
758 1009 870 1074 eodem
897 1016 1046 1095 praetore

15 1095 143 1160 11666611
164 1095 253 1161 hunc
274 1095 369 1160 bouis
390 1117 500 1181 posse,
523 1118 586 1181 quc
604 1095 775 1162 Heraclius
799 1102 885 1164 esset
907 1120 1046 1164 eversus.

44 1182 267 1252 Remocculte
284 1184 470 1268 instituunt,
488 1184 529 1249 ad
537 1184 673 1250 Verrem
690 1207 749 1270 per
767 1185 835 1250 eius
853 1185 1046 1271 interpretes

45 1271 200 1336 deferunt.
241 1271 294 1338 Ita
315 1294 413 1338 causa
435 1273 653 1357 componitur,
675 1273 815 1338 utitem
836 1274 1047 1359 palaestritae

44 1357 149 1424 Bidini
181 1363 332 1444 peterent
363 1361 405 1425 ab
434 1361 587 1446 Epicrate
618 1361 845 1446 hereditatem,
878 1384 974 1447 quem
1006 1363 1047 1428 ad

47 1447 174 1513 modum
188 1448 398 1530 palaestritae
412 1446 606 1533 Syracusani
620 1450 661 1520 ab
675 1449 828 1516 Heraclio
844 1451 1046 1535 petivissent.

17 1534 230 1620 enumquam
257 1559 315 1602 vos
341 1540 525 1622 praetorem
552 1543 620 1602 tam
647 1539 878 1622 palaestricum
904 1539 1046 1625 vidistis,

47 1646 153 1689 verum
185 1624 235 1688 ita
265 1625 473 1710 palaestritae
506 1626 710 1709 defendebat,
741 1630 778 1692 ut
809 1628 851 1692 ab
882 1628 950 1692 illis
976 1630 1046 1714 ipse

48 1713 170 1778 unctior
184 1712 299 1780 abiret.
320 1713 344 1795 †
367 1712 428 1789 Qui
442 1715 555 1780 statim
569 1714 655 1799 quod
673 1736 826 1798 praesens
844 1719 939 1800 esset,
956 1717 1047 1782 iubet

48 1801 170 1866 cuidam
199 1801 375 1867 amicorum
403 1823 534 1868 suorum
560 1802 724 1868 numerari
749 1801 805 1866 HS
832 1821 937 1867 cxxx.
981 1804 1100 1870 116665

50 1890 202 1956 6666116τί
229 1891 309 1956 66116
336 1911 403 1957 666
427 1891 549 1977 potuit3
576 1912 634 1976 per
657 1890 816 1974 quendam
840 1896 965 1974 e'orum,
992 1893 1048 1977 qui

20 1978 271 2064 ”interfuerant
301 1979 340 2044 fit
366 1977 535 2064 Epicrates
562 1979 689 2044 certior.
738 1977 848 2043 Primo
874 1979 1047 2066 neglegere

51 2067 149 2151 coepit
173 2069 208 2132 et
230 2071 447 2152 contemnere,
475 2068 561 2151 quod
584 2089 681 2132 causa
703 2088 850 2152 prorsus,
877 2067 964 2151 quod
986 2067 1047 2133 dis·

50 2155 152 2236 putari
178 2159 304 2240 posset,
331 2156 414 2220 nihil
440 2156 592 2220 habebat.
637 2155 762 2220 Deinde
787 2178 859 2221 cum
883 2155 921 2220 de
943 2155 1048 2222 Hera-

51 2243 107 2308 clio
129 2243 292 2329 cogitaret
315 2246 348 2308 61
370 2245 465 2309 istius
489 2243 656 2310 libidinem
678 2248 803 2328 nosset,
829 2246 1048 2312 commodissi-

52 2351 132 2397 mum
167 2332 298 2417 putarit
329 2353 400 2398 esse
427 2332 471 2397 'de
501 2332 669 2417 provincia
700 2333 785 2398 clam
817 2333 905 2398 abire
937 2334 1048 2419 itaque

23 2417 134 2504 aferic,
160 2419 327 2504 profectus
355 2423 404 2486 661
425 2420 574 2506 Regium.
618 2419 711 2496 Quod
737 2420 794 2485 ubi
821 2421 965 2488 auditum
989 2426 1048 2508 est,
1057 2429 1100 2494 23

53 2512 193 2574 aestuare
215 2507 274 2592 illi,
297 2508 353 2593 qui
374 2508 544 2593 pecuniam
566 2508 729 2592 dederant,
750 2512 866 2594 putare
887 2511 970 2576 nihil
993 2511 1048 2597 agi

53 2617 139 2678 66666
153 2597 287 2662 absente
300 2596 467 2681 Epicrate,
484 2619 561 2662 nam
574 2595 744 2662 Heraclius
762 2600 873 2662 tamen
892 2598 1048 2682 adfuerat,

55 2684 600 2858 secfieluzrltlueten
617 2684 1047 2856 terraemetus

393 2823 403 2855 5

25 2861 168 2926 eretriae
195 2861 284 2926 facta
310 2864 396 2927 esset
423 2861 504 2944 ulla,
537 2861 750 2944 discessisset,
776 2861 938 2946 putabant
964 2860 1046 2925 nihil

56 2948 101 3031 agi
114 2971 219 3033 66666.
250 2947 407 3014 Homines
426 2949 565 3035 Regium
583 2949 842 3033 proficiscuntur,
859 2947 1047 3032 Epicratem

56 3038 240 3102 conveniunt
258 3041 291 3102 61
309 3037 543 3122 demonstrant,
559 3037 593 3102 id
612 3037 698 3121 quod
716 3037 771 3101 ille
790 3035 920 3120 sciebat,
940 3058 974 3101 se
990 3035 1047 3102 Hs

57 3139 141 3190 cxxx
162 3125 302 3209 dedisse,
327 3130 446 3211 rogant
468 3147 555 3210 eum,
576 3129 614 3190 ut
637 3124 700 3190 sibi
722 3124 768 3207 id,
792 3123 878 3207 quod
901 3125 943 3189 ab
965 3125 1047 3212 ipsis

58 3210 168 3278 abisset
197 3213 365 3298 pecuniae,
401 3218 503 3297 curet,
540 3213 581 3279 ab
614 3233 683 3278 sese
715 3213 841 3290 caveat,
878 3234 973 3296 quem
1006 3212 1047 3276 ad

29 3299 176 3365 ⁸⁶modum
189 3301 277 3386 velit,
297 3301 335 3367 de
353 3301 412 3367 illa
430 3301 609 3366 hereditate
628 3322 701 3366 oum
714 3297 867 3383 Epicrate
884 3299 1046 3366 neminem

60 3405 118 3451 6666
135 3392 289 3455 acturum.
325 3389 493 3473 Epicrates
511 3389 658 3454 homines
679 3386 792 3453 multis
815 3387 922 3454 verbis
946 3390 987 3454 ab
1012 3411 1046 3452 se
1064 3408 1096 3458 66

60 3475 133 3539 6616
156 3481 304 3564 acceptos
327 3477 477 3561 dimittit,
504 3477 639 3544 redeunt
661 3476 712 3542 illi
734 3475 838 3562 Regio
862 3474 1045 3560 Syracusas,
