<?xml version="1.0" encoding="UTF-8"?>
<!DOCTYPE html PUBLIC "-//W3C//DTD XHTML 1.0 Transitional//EN"
    "http://www.w3.org/TR/xhtml1/DTD/xhtml1-transitional.dtd">
<html xmlns="http://www.w3.org/1999/xhtml" xml:lang="en" lang="en">
 <head>
  <title>
</title>
<meta http-equiv="Content-Type" content="text/html;charset=utf-8" />
  <meta name='ocr-system' content='tesseract 3.04.00' />
  <meta name='ocr-capabilities' content='ocr_page ocr_carea ocr_par ocr_line ocrx_word'/>
</head>
<body>
  <div class='ocr_page' id='page_1' title='image "./mtulliiciceroni02mlgoog/mtulliiciceroni02mlgoog_0337.png"; bbox 0 0 2392 3944; ppageno 0'>
   <div class='ocr_carea' id='block_1_1' title="bbox 155 160 857 228">
    <p class='ocr_par' dir='ltr' id='par_1_1' title="bbox 155 160 857 228">
     <span class='ocr_line' id='line_1_1' title="bbox 155 160 857 228; baseline -0.017 1"><span class='ocrx_word' id='word_1_1' title='bbox 155 165 219 228; x_wconf 79' lang='grc'><strong>220</strong></span> <span class='ocrx_word' id='word_1_2' title='bbox 453 161 493 216; x_wconf 83' lang='grc' dir='ltr'><strong>ΙΝ</strong></span> <span class='ocrx_word' id='word_1_3' title='bbox 512 161 541 217; x_wconf 81' lang='lat' dir='ltr'><strong>O.</strong></span> <span class='ocrx_word' id='word_1_4' title='bbox 555 160 710 216; x_wconf 78' lang='lat' dir='ltr'><strong>VERREM</strong></span> <span class='ocrx_word' id='word_1_5' title='bbox 727 161 804 216; x_wconf 83' lang='lat' dir='ltr'>ACT.</span> <span class='ocrx_word' id='word_1_6' title='bbox 822 161 857 217; x_wconf 84' lang='grc' dir='ltr'><strong>Π.</strong></span> 
     </span>
    </p>
   </div>
   <div class='ocr_carea' id='block_1_2' title="bbox 99 301 1183 3566">
    <p class='ocr_par' dir='ltr' id='par_1_2' title="bbox 99 301 1183 3566">
     <span class='ocr_line' id='line_1_2' title="bbox 153 301 1141 392; baseline -0.006 -19"><span class='ocrx_word' id='word_1_7' title='bbox 153 309 246 392; x_wconf 90' lang='lat' dir='ltr'><strong>queri</strong></span> <span class='ocrx_word' id='word_1_8' title='bbox 264 330 337 374; x_wconf 90' lang='lat' dir='ltr'><strong>cum</strong></span> <span class='ocrx_word' id='word_1_9' title='bbox 355 307 477 390; x_wconf 92' lang='lat' dir='ltr'><strong>multis,</strong></span> <span class='ocrx_word' id='word_1_10' title='bbox 499 308 537 371; x_wconf 94' lang='lat' dir='ltr'><strong>ut</strong></span> <span class='ocrx_word' id='word_1_11' title='bbox 559 306 607 390; x_wconf 90' lang='lat' dir='ltr'><strong>fit,</strong></span> <span class='ocrx_word' id='word_1_12' title='bbox 629 306 797 390; x_wconf 88' lang='lat' dir='ltr'><strong>incipiunt,</strong></span> <span class='ocrx_word' id='word_1_13' title='bbox 820 326 853 370; x_wconf 88' lang='lat' dir='ltr'><strong>se</strong></span> <span class='ocrx_word' id='word_1_14' title='bbox 872 301 928 369; x_wconf 79' lang='lat' dir='ltr'><strong>Hs</strong></span> <span class='ocrx_word' id='word_1_15' title='bbox 945 321 1042 368; x_wconf 81' lang='lat' dir='ltr'><strong>nxxx</strong></span> <span class='ocrx_word' id='word_1_16' title='bbox 1062 324 1141 368; x_wconf 91' lang='lat' dir='ltr'><strong>nun·</strong></span> 
     </span>
     <span class='ocr_line' id='line_1_3' title="bbox 155 393 1143 480; baseline -0.006 -19"><span class='ocrx_word' id='word_1_17' title='bbox 155 419 243 462; x_wconf 88' lang='lat' dir='ltr'><strong>mum</strong></span> <span class='ocrx_word' id='word_1_18' title='bbox 251 396 376 462; x_wconf 85' lang='lat' dir='ltr'><strong>frustra</strong></span> <span class='ocrx_word' id='word_1_19' title='bbox 385 397 517 462; x_wconf 90' lang='lat' dir='ltr'><strong>dedisse.</strong></span> <span class='ocrx_word' id='word_1_20' title='bbox 541 394 606 459; x_wconf 85' lang='lat' dir='ltr'><strong>Res</strong></span> <span class='ocrx_word' id='word_1_21' title='bbox 618 393 820 480; x_wconf 89' lang='lat' dir='ltr'><strong>percrebruit</strong></span> <span class='ocrx_word' id='word_1_22' title='bbox 831 393 975 458; x_wconf 88' lang='lat' dir='ltr'><strong>etinorc</strong></span> <span class='ocrx_word' id='word_1_23' title='bbox 987 395 1081 476; x_wconf 84' lang='lat' dir='ltr'><strong>atque</strong></span> <span class='ocrx_word' id='word_1_24' title='bbox 1090 413 1143 455; x_wconf 88' lang='lat' dir='ltr'><strong>ser·</strong></span> 
     </span>
     <span class='ocr_line' id='line_1_4' title="bbox 155 480 1144 570; baseline -0.009 -19"><span class='ocrx_word' id='word_1_25' title='bbox 155 507 249 550; x_wconf 91' lang='lat' dir='ltr'><strong>mone</strong></span> <span class='ocrx_word' id='word_1_26' title='bbox 264 486 406 550; x_wconf 88' lang='lat' dir='ltr'><strong>omnium</strong></span> <span class='ocrx_word' id='word_1_27' title='bbox 423 483 530 570; x_wconf 89' lang='lat' dir='ltr'><strong>coepit</strong></span> <span class='ocrx_word' id='word_1_28' title='bbox 547 504 626 548; x_wconf 89' lang='lat' dir='ltr'><strong>esse.</strong></span> <span class='ocrx_word' id='word_1_29' title='bbox 658 481 777 547; x_wconf 79' lang='lat' dir='ltr'>Verres</span> <span class='ocrx_word' id='word_1_30' title='bbox 795 482 896 546; x_wconf 87' lang='lat' dir='ltr'><strong>refert</strong></span> <span class='ocrx_word' id='word_1_31' title='bbox 912 480 1005 546; x_wconf 86' lang='lat' dir='ltr'><strong>illam</strong></span> <span class='ocrx_word' id='word_1_32' title='bbox 1016 480 1144 560; x_wconf 72' lang='lat' dir='ltr'><strong>fabatum</strong></span> 
     </span>
     <span class='ocr_line' id='line_1_5' title="bbox 155 567 1145 658; baseline -0.007 -19"><span class='ocrx_word' id='word_1_33' title='bbox 155 595 247 639; x_wconf 85' lang='lat' dir='ltr'><strong>suam</strong></span> <span class='ocrx_word' id='word_1_34' title='bbox 262 571 506 658; x_wconf 75' lang='lat' dir='ltr'><strong>Syracusanam,</strong></span> <span class='ocrx_word' id='word_1_35' title='bbox 521 572 568 636; x_wconf 87' lang='lat' dir='ltr'><strong>ait</strong></span> <span class='ocrx_word' id='word_1_36' title='bbox 582 592 617 636; x_wconf 91' lang='lat' dir='ltr'><strong>se</strong></span> <span class='ocrx_word' id='word_1_37' title='bbox 631 571 715 637; x_wconf 84' lang='lat' dir='ltr'><strong>velle</strong></span> <span class='ocrx_word' id='word_1_38' title='bbox 729 570 768 634; x_wconf 92' lang='lat' dir='ltr'><strong>de</strong></span> <span class='ocrx_word' id='word_1_39' title='bbox 780 570 848 634; x_wconf 93' lang='lat' dir='ltr'><strong>illis</strong></span> <span class='ocrx_word' id='word_1_40' title='bbox 862 567 919 634; x_wconf 84' lang='lat' dir='ltr'><strong>HS</strong></span> <span class='ocrx_word' id='word_1_41' title='bbox 933 587 1029 634; x_wconf 81' lang='lat' dir='ltr'><strong>nxxx</strong></span> <span class='ocrx_word' id='word_1_42' title='bbox 1042 589 1145 654; x_wconf 83' lang='lat' dir='ltr'><strong>cogno</strong></span> 
     </span>
     <span class='ocr_line' id='line_1_6' title="bbox 155 656 1165 746; baseline -0.009 -19"><span class='ocrx_word' id='word_1_43' title='bbox 155 684 251 746; x_wconf 88' lang='lat' dir='ltr'><strong>scere,</strong></span> <span class='ocrx_word' id='word_1_44' title='bbox 275 663 411 727; x_wconf 85' lang='lat' dir='ltr'><strong>advocat</strong></span> <span class='ocrx_word' id='word_1_45' title='bbox 434 660 565 725; x_wconf 88' lang='lat' dir='ltr'><strong>multos.</strong></span> <span class='ocrx_word' id='word_1_46' title='bbox 605 658 726 724; x_wconf 92' lang='lat' dir='ltr'><strong>Dicunt</strong></span> <span class='ocrx_word' id='word_1_47' title='bbox 750 656 859 722; x_wconf 85' lang='lat' dir='ltr'><strong>Bidini</strong></span> <span class='ocrx_word' id='word_1_48' title='bbox 877 656 1028 724; x_wconf 77' lang='lat' dir='ltr'><strong>Volcatio</strong></span> <span class='ocrx_word' id='word_1_49' title='bbox 1051 678 1084 721; x_wconf 89' lang='lat' dir='ltr'><strong>se</strong></span> <span class='ocrx_word' id='word_1_50' title='bbox 1105 656 1165 719; x_wconf 69' lang='lat' dir='ltr'><strong>des</strong></span> 
     </span>
     <span class='ocr_line' id='line_1_7' title="bbox 155 745 1147 833; baseline -0.007 -18"><span class='ocrx_word' id='word_1_51' title='bbox 155 751 248 833; x_wconf 88' lang='lat' dir='ltr'><strong>disse,</strong></span> <span class='ocrx_word' id='word_1_52' title='bbox 266 749 348 814; x_wconf 91' lang='lat' dir='ltr'><strong>illud</strong></span> <span class='ocrx_word' id='word_1_53' title='bbox 365 770 433 813; x_wconf 91' lang='lat' dir='ltr'><strong>non</strong></span> <span class='ocrx_word' id='word_1_54' title='bbox 450 748 585 813; x_wconf 90' lang='lat' dir='ltr'><strong>addunt:</strong></span> <span class='ocrx_word' id='word_1_55' title='bbox 604 747 694 812; x_wconf 88' lang='lat' dir='ltr'><strong>iussu</strong></span> <span class='ocrx_word' id='word_1_56' title='bbox 711 747 817 811; x_wconf 88' lang='lat' dir='ltr'><strong>istius.</strong></span> <span class='ocrx_word' id='word_1_57' title='bbox 847 745 1038 811; x_wconf 76' lang='lat' dir='ltr'><strong>Volcatium</strong></span> <span class='ocrx_word' id='word_1_58' title='bbox 1054 747 1147 824; x_wconf 87' lang='lat' dir='ltr'><strong>vocat,</strong></span> 
     </span>
     <span class='ocr_line' id='line_1_8' title="bbox 154 833 1146 923; baseline -0.008 -20"><span class='ocrx_word' id='word_1_59' title='bbox 154 837 323 923; x_wconf 91' lang='lat' dir='ltr'><strong>pecuniam</strong></span> <span class='ocrx_word' id='word_1_60' title='bbox 350 837 464 902; x_wconf 85' lang='lat' dir='ltr'><strong>referri</strong></span> <span class='ocrx_word' id='word_1_61' title='bbox 490 836 590 901; x_wconf 88' lang='lat' dir='ltr'><strong>iubet.</strong></span> <span class='ocrx_word' id='word_1_62' title='bbox 634 835 804 901; x_wconf 72' lang='lat' dir='ltr'><strong>Volcatius</strong></span> <span class='ocrx_word' id='word_1_63' title='bbox 830 835 939 900; x_wconf 86' lang='lat' dir='ltr'><strong>animo</strong></span> <span class='ocrx_word' id='word_1_64' title='bbox 963 833 1146 919; x_wconf 87' lang='lat' dir='ltr'><strong>aequissimo</strong></span> 
     </span>
     <span class='ocr_line' id='line_1_9' title="bbox 153 920 1147 1008; baseline -0.008 -18"><span class='ocrx_word' id='word_1_65' title='bbox 153 946 303 990; x_wconf 85' lang='lat' dir='ltr'><strong>nummos</strong></span> <span class='ocrx_word' id='word_1_66' title='bbox 323 926 426 1008; x_wconf 83' lang='lat' dir='ltr'><strong>affert,</strong></span> <span class='ocrx_word' id='word_1_67' title='bbox 449 925 505 1008; x_wconf 92' lang='lat' dir='ltr'><strong>qui</strong></span> <span class='ocrx_word' id='word_1_68' title='bbox 521 925 606 989; x_wconf 88' lang='lat' dir='ltr'><strong>nihil</strong></span> <span class='ocrx_word' id='word_1_69' title='bbox 625 925 800 1006; x_wconf 87' lang='lat' dir='ltr'><strong>amitteret,</strong></span> <span class='ocrx_word' id='word_1_70' title='bbox 822 922 929 988; x_wconf 83' lang='lat' dir='ltr'><strong>reddit</strong></span> <span class='ocrx_word' id='word_1_71' title='bbox 951 920 1147 1008; x_wconf 86' lang='lat' dir='ltr'><strong>inspectanti·</strong></span> 
     </span>
     <span class='ocr_line' id='line_1_10' title="bbox 103 1008 1146 1099; baseline -0.005 -22"><span class='ocrx_word' id='word_1_72' title='bbox 103 1029 135 1078; x_wconf 77' lang='lat'><strong>57</strong></span> <span class='ocrx_word' id='word_1_73' title='bbox 154 1015 215 1079; x_wconf 87' lang='lat' dir='ltr'><strong>bus</strong></span> <span class='ocrx_word' id='word_1_74' title='bbox 242 1015 369 1099; x_wconf 69' lang='lat' dir='ltr'><strong>multis,</strong></span> <span class='ocrx_word' id='word_1_75' title='bbox 395 1013 505 1080; x_wconf 90' lang='lat' dir='ltr'><strong>Bidini</strong></span> <span class='ocrx_word' id='word_1_76' title='bbox 528 1034 678 1078; x_wconf 87' lang='lat' dir='ltr'><strong>nummos</strong></span> <span class='ocrx_word' id='word_1_77' title='bbox 701 1011 859 1077; x_wconf 76' lang='lat' dir='ltr'><strong>auferrent</strong></span> <span class='ocrx_word' id='word_1_78' title='bbox 908 1009 1006 1076; x_wconf 87' lang='lat' dir='ltr'><strong>Dicet</strong></span> <span class='ocrx_word' id='word_1_79' title='bbox 1030 1008 1146 1094; x_wconf 84' lang='lat' dir='ltr'><strong>aliquis:</strong></span> 
     </span>
     <span class='ocr_line' id='line_1_11' title="bbox 155 1096 1183 1190; baseline -0.009 -22"><span class='ocrx_word' id='word_1_80' title='bbox 155 1102 251 1180; x_wconf 74' lang='lat' dir='ltr'><strong>‘Quid</strong></span> <span class='ocrx_word' id='word_1_81' title='bbox 269 1125 348 1190; x_wconf 84' lang='lat' dir='ltr'><strong>ergo</strong></span> <span class='ocrx_word' id='word_1_82' title='bbox 365 1103 401 1167; x_wconf 92' lang='lat' dir='ltr'><strong>in</strong></span> <span class='ocrx_word' id='word_1_83' title='bbox 418 1102 480 1167; x_wconf 92' lang='lat' dir='ltr'><strong>hoc</strong></span> <span class='ocrx_word' id='word_1_84' title='bbox 497 1100 635 1166; x_wconf 80' lang='lat' dir='ltr'><strong>Verrem</strong></span> <span class='ocrx_word' id='word_1_85' title='bbox 656 1099 872 1185; x_wconf 72' lang='lat' dir='ltr'><strong>reprehendis,</strong></span> <span class='ocrx_word' id='word_1_86' title='bbox 895 1099 952 1183; x_wconf 88' lang='lat' dir='ltr'><strong>qui</strong></span> <span class='ocrx_word' id='word_1_87' title='bbox 974 1120 1043 1164; x_wconf 92' lang='lat' dir='ltr'><strong>non</strong></span> <span class='ocrx_word' id='word_1_88' title='bbox 1064 1096 1147 1162; x_wconf 87' lang='lat' dir='ltr'><strong>modo</strong></span> <span class='ocrx_word' id='word_1_89' title='bbox 1158 1113 1183 1152; x_wconf 48' lang='lat'><strong>1⁰¹</strong></span> 
     </span>
     <span class='ocr_line' id='line_1_12' title="bbox 154 1187 1183 1277; baseline -0.008 -20"><span class='ocrx_word' id='word_1_90' title='bbox 154 1191 224 1277; x_wconf 91' lang='lat' dir='ltr'><strong>ipse</strong></span> <span class='ocrx_word' id='word_1_91' title='bbox 255 1191 308 1257; x_wconf 83' lang='lat' dir='ltr'><strong>fur</strong></span> <span class='ocrx_word' id='word_1_92' title='bbox 339 1213 405 1256; x_wconf 92' lang='lat' dir='ltr'><strong>non</strong></span> <span class='ocrx_word' id='word_1_93' title='bbox 434 1194 497 1274; x_wconf 90' lang='lat' dir='ltr'><strong>est,</strong></span> <span class='ocrx_word' id='word_1_94' title='bbox 530 1189 652 1255; x_wconf 88' lang='lat' dir='ltr'><strong>sedne</strong></span> <span class='ocrx_word' id='word_1_95' title='bbox 680 1189 780 1254; x_wconf 86' lang='lat' dir='ltr'><strong>elium</strong></span> <span class='ocrx_word' id='word_1_96' title='bbox 808 1187 938 1272; x_wconf 87' lang='lat' dir='ltr'><strong>quidem</strong></span> <span class='ocrx_word' id='word_1_97' title='bbox 965 1208 1083 1272; x_wconf 87' lang='lat' dir='ltr'><strong>passus</strong></span> <span class='ocrx_word' id='word_1_98' title='bbox 1107 1187 1147 1249; x_wconf 87' lang='lat' dir='ltr'><strong>est</strong></span> <span class='ocrx_word' id='word_1_99' title='bbox 1182 1247 1183 1274; x_wconf 57' lang='lat'><strong>,</strong></span> 
     </span>
     <span class='ocr_line' id='line_1_13' title="bbox 155 1275 1183 1364; baseline -0.008 -20"><span class='ocrx_word' id='word_1_100' title='bbox 155 1278 258 1345; x_wconf 76' lang='lat' dir='ltr'><strong>essel&#39;</strong></span> <span class='ocrx_word' id='word_1_101' title='bbox 309 1278 492 1364; x_wconf 54' lang='lat' dir='ltr'><strong>Attendite</strong></span> <span class='ocrx_word' id='word_1_102' title='bbox 528 1279 594 1344; x_wconf 87' lang='lat' dir='ltr'><strong>iam</strong></span> <span class='ocrx_word' id='word_1_103' title='bbox 629 1276 828 1364; x_wconf 82' lang='lat' dir='ltr'><strong>intellegetis</strong></span> <span class='ocrx_word' id='word_1_104' title='bbox 860 1275 945 1341; x_wconf 88' lang='lat' dir='ltr'><strong>hanc</strong></span> <span class='ocrx_word' id='word_1_105' title='bbox 981 1275 1148 1360; x_wconf 86' lang='lat' dir='ltr'><strong>pecuniam,</strong></span> <span class='ocrx_word' id='word_1_106' title='bbox 1182 1285 1183 1362; x_wconf 67' lang='grc' dir='ltr'><strong>ξ</strong></span> 
     </span>
     <span class='ocr_line' id='line_1_14' title="bbox 155 1362 1183 1451; baseline -0.009 -18"><span class='ocrx_word' id='word_1_107' title='bbox 155 1389 237 1451; x_wconf 85' lang='lat' dir='ltr'><strong>quae</strong></span> <span class='ocrx_word' id='word_1_108' title='bbox 268 1367 323 1434; x_wconf 85' lang='lat' dir='ltr'><strong>via</strong></span> <span class='ocrx_word' id='word_1_109' title='bbox 354 1369 450 1434; x_wconf 90' lang='lat' dir='ltr'><strong>modo</strong></span> <span class='ocrx_word' id='word_1_110' title='bbox 477 1368 548 1433; x_wconf 84' lang='lat' dir='ltr'><strong>visa</strong></span> <span class='ocrx_word' id='word_1_111' title='bbox 575 1371 626 1432; x_wconf 88' lang='lat' dir='ltr'><strong>est</strong></span> <span class='ocrx_word' id='word_1_112' title='bbox 652 1367 737 1431; x_wconf 85' lang='lat' dir='ltr'><strong>exire</strong></span> <span class='ocrx_word' id='word_1_113' title='bbox 766 1366 807 1428; x_wconf 88' lang='lat' dir='ltr'><strong>ab</strong></span> <span class='ocrx_word' id='word_1_114' title='bbox 834 1365 913 1448; x_wconf 87' lang='lat' dir='ltr'><strong>isto,</strong></span> <span class='ocrx_word' id='word_1_115' title='bbox 945 1385 1020 1430; x_wconf 88' lang='lat' dir='ltr'><strong>eam</strong></span> <span class='ocrx_word' id='word_1_116' title='bbox 1046 1362 1148 1428; x_wconf 87' lang='lat' dir='ltr'><strong>semita</strong></span> <span class='ocrx_word' id='word_1_117' title='bbox 1182 1371 1183 1442; x_wconf 62' lang='lat' dir='ltr'><strong>l</strong></span> 
     </span>
     <span class='ocr_line' id='line_1_15' title="bbox 154 1449 1183 1539; baseline -0.008 -19"><span class='ocrx_word' id='word_1_118' title='bbox 154 1457 335 1521; x_wconf 81' lang='lat' dir='ltr'><strong>revertisse.</strong></span> <span class='ocrx_word' id='word_1_119' title='bbox 372 1455 457 1532; x_wconf 78' lang='lat' dir='ltr'><strong>Quid</strong></span> <span class='ocrx_word' id='word_1_120' title='bbox 476 1455 561 1520; x_wconf 91' lang='lat' dir='ltr'><strong>enim</strong></span> <span class='ocrx_word' id='word_1_121' title='bbox 580 1455 692 1519; x_wconf 85' lang='lat' dir='ltr'><strong>debuit</strong></span> <span class='ocrx_word' id='word_1_122' title='bbox 709 1457 841 1539; x_wconf 84' lang='lat' dir='ltr'><strong>praetor</strong></span> <span class='ocrx_word' id='word_1_123' title='bbox 858 1452 975 1536; x_wconf 81' lang='lat' dir='ltr'><strong>facere,</strong></span> <span class='ocrx_word' id='word_1_124' title='bbox 996 1474 1071 1518; x_wconf 94' lang='lat' dir='ltr'><strong>cum</strong></span> <span class='ocrx_word' id='word_1_125' title='bbox 1088 1471 1147 1516; x_wconf 91' lang='lat' dir='ltr'><strong>con·</strong></span> <span class='ocrx_word' id='word_1_126' title='bbox 1182 1449 1183 1482; x_wconf 65' lang='lat'>³</span> 
     </span>
     <span class='ocr_line' id='line_1_16' title="bbox 154 1540 1173 1629; baseline -0.006 -23"><span class='ocrx_word' id='word_1_127' title='bbox 154 1543 228 1608; x_wconf 87' lang='lat' dir='ltr'><strong>silio</strong></span> <span class='ocrx_word' id='word_1_128' title='bbox 261 1543 393 1629; x_wconf 84' lang='lat' dir='ltr'><strong>cognita</strong></span> <span class='ocrx_word' id='word_1_129' title='bbox 422 1565 520 1609; x_wconf 85' lang='lat' dir='ltr'><strong>causa</strong></span> <span class='ocrx_word' id='word_1_130' title='bbox 547 1565 619 1609; x_wconf 91' lang='lat' dir='ltr'><strong>eum</strong></span> <span class='ocrx_word' id='word_1_131' title='bbox 647 1542 857 1627; x_wconf 87' lang='lat' dir='ltr'><strong>comperisset</strong></span> <span class='ocrx_word' id='word_1_132' title='bbox 885 1562 980 1606; x_wconf 87' lang='lat' dir='ltr'><strong>suum</strong></span> <span class='ocrx_word' id='word_1_133' title='bbox 1008 1540 1173 1607; x_wconf 72' lang='lat' dir='ltr'><strong>comiteur</strong></span> 
     </span>
     <span class='ocr_line' id='line_1_17' title="bbox 153 1629 1146 1716; baseline -0.008 -21"><span class='ocrx_word' id='word_1_134' title='bbox 153 1631 248 1716; x_wconf 91' lang='lat' dir='ltr'><strong>iuris,</strong></span> <span class='ocrx_word' id='word_1_135' title='bbox 280 1631 414 1716; x_wconf 86' lang='lat' dir='ltr'><strong>decreti,</strong></span> <span class='ocrx_word' id='word_1_136' title='bbox 444 1631 555 1697; x_wconf 89' lang='lat' dir='ltr'><strong>iudicii</strong></span> <span class='ocrx_word' id='word_1_137' title='bbox 582 1629 807 1714; x_wconf 88' lang='lat' dir='ltr'><strong>corrumpendi</strong></span> <span class='ocrx_word' id='word_1_138' title='bbox 833 1650 944 1713; x_wconf 84' lang='lat' dir='ltr'><strong>causa,</strong></span> <span class='ocrx_word' id='word_1_139' title='bbox 977 1651 1044 1714; x_wconf 89' lang='lat' dir='ltr'><strong>que</strong></span> <span class='ocrx_word' id='word_1_140' title='bbox 1069 1629 1101 1693; x_wconf 91' lang='lat' dir='ltr'><strong>in</strong></span> <span class='ocrx_word' id='word_1_141' title='bbox 1119 1647 1146 1688; x_wconf 88' lang='lat' dir='ltr'><strong>re</strong></span> 
     </span>
     <span class='ocr_line' id='line_1_18' title="bbox 153 1719 1147 1805; baseline -0.004 -23"><span class='ocrx_word' id='word_1_142' title='bbox 153 1719 255 1804; x_wconf 89' lang='lat' dir='ltr'><strong>ipsius</strong></span> <span class='ocrx_word' id='word_1_143' title='bbox 283 1720 443 1804; x_wconf 88' lang='lat' dir='ltr'><strong>praetoris</strong></span> <span class='ocrx_word' id='word_1_144' title='bbox 467 1721 565 1805; x_wconf 89' lang='lat' dir='ltr'><strong>caput</strong></span> <span class='ocrx_word' id='word_1_145' title='bbox 590 1719 850 1802; x_wconf 85' lang='lat' dir='ltr'><strong>existimatioque</strong></span> <span class='ocrx_word' id='word_1_146' title='bbox 874 1721 1043 1804; x_wconf 79' lang='lat' dir='ltr'><strong>ageretur,</strong></span> <span class='ocrx_word' id='word_1_147' title='bbox 1069 1736 1147 1802; x_wconf 90' lang='lat' dir='ltr'><strong>pecu·</strong></span> 
     </span>
     <span class='ocr_line' id='line_1_19' title="bbox 152 1806 1147 1894; baseline -0.007 -22"><span class='ocrx_word' id='word_1_148' title='bbox 152 1808 243 1874; x_wconf 88' lang='lat' dir='ltr'><strong>niam</strong></span> <span class='ocrx_word' id='word_1_149' title='bbox 261 1809 430 1894; x_wconf 88' lang='lat' dir='ltr'><strong>accepisse,</strong></span> <span class='ocrx_word' id='word_1_150' title='bbox 453 1807 587 1873; x_wconf 90' lang='lat' dir='ltr'><strong>Bidinos</strong></span> <span class='ocrx_word' id='word_1_151' title='bbox 610 1811 719 1872; x_wconf 89' lang='lat' dir='ltr'><strong>autem</strong></span> <span class='ocrx_word' id='word_1_152' title='bbox 741 1806 909 1891; x_wconf 87' lang='lat' dir='ltr'><strong>pecuniam</strong></span> <span class='ocrx_word' id='word_1_153' title='bbox 932 1811 1050 1872; x_wconf 84' lang='lat' dir='ltr'><strong>contra</strong></span> <span class='ocrx_word' id='word_1_154' title='bbox 1071 1823 1147 1889; x_wconf 82' lang='lat' dir='ltr'><strong>prae</strong></span> 
     </span>
     <span class='ocr_line' id='line_1_20' title="bbox 153 1888 1147 1977; baseline -0.007 -16"><span class='ocrx_word' id='word_1_155' title='bbox 153 1898 235 1962; x_wconf 88' lang='lat' dir='ltr'><strong>toris</strong></span> <span class='ocrx_word' id='word_1_156' title='bbox 253 1898 375 1964; x_wconf 83' lang='lat' dir='ltr'><strong>famam</strong></span> <span class='ocrx_word' id='word_1_157' title='bbox 394 1918 432 1962; x_wconf 86' lang='lat' dir='ltr'><strong>ac</strong></span> <span class='ocrx_word' id='word_1_158' title='bbox 454 1896 603 1962; x_wconf 83' lang='lat' dir='ltr'><strong>fortunas</strong></span> <span class='ocrx_word' id='word_1_159' title='bbox 627 1895 774 1960; x_wconf 74' lang='lat' dir='ltr'><strong>dedisse?</strong></span> <span class='ocrx_word' id='word_1_160' title='bbox 795 1916 861 1959; x_wconf 89' lang='lat' dir='ltr'><strong>non</strong></span> <span class='ocrx_word' id='word_1_161' title='bbox 884 1898 918 1959; x_wconf 90' lang='lat' dir='ltr'><strong>et</strong></span> <span class='ocrx_word' id='word_1_162' title='bbox 940 1895 976 1960; x_wconf 91' lang='lat' dir='ltr'><strong>in</strong></span> <span class='ocrx_word' id='word_1_163' title='bbox 999 1916 1082 1977; x_wconf 90' lang='lat' dir='ltr'><strong>eum,</strong></span> <span class='ocrx_word' id='word_1_164' title='bbox 1103 1888 1147 1974; x_wconf 91' lang='lat' dir='ltr'><strong>qui</strong></span> 
     </span>
     <span class='ocr_line' id='line_1_21' title="bbox 154 1976 1174 2070; baseline -0.007 -21"><span class='ocrx_word' id='word_1_165' title='bbox 154 1986 344 2070; x_wconf 84' lang='lat' dir='ltr'><strong>accepisset,</strong></span> <span class='ocrx_word' id='word_1_166' title='bbox 371 1984 653 2048; x_wconf 85' lang='lat' dir='ltr'><strong>animadvertisset</strong></span> <span class='ocrx_word' id='word_1_167' title='bbox 681 1987 715 2049; x_wconf 91' lang='lat' dir='ltr'><strong>et</strong></span> <span class='ocrx_word' id='word_1_168' title='bbox 739 1983 863 2067; x_wconf 91' lang='lat' dir='ltr'><strong>ineos,</strong></span> <span class='ocrx_word' id='word_1_169' title='bbox 892 1983 948 2067; x_wconf 91' lang='lat' dir='ltr'><strong>qui</strong></span> <span class='ocrx_word' id='word_1_170' title='bbox 971 1976 1174 2048; x_wconf 71' lang='lat' dir='ltr'><strong>dedissentln</strong></span> 
     </span>
     <span class='ocr_line' id='line_1_22' title="bbox 153 2071 1147 2157; baseline -0.005 -21"><span class='ocrx_word' id='word_1_171' title='bbox 153 2072 215 2154; x_wconf 81' lang='lat' dir='ltr'><strong>Tu,</strong></span> <span class='ocrx_word' id='word_1_172' title='bbox 244 2071 299 2156; x_wconf 89' lang='lat' dir='ltr'><strong>qui</strong></span> <span class='ocrx_word' id='word_1_173' title='bbox 325 2072 514 2136; x_wconf 88' lang='lat' dir='ltr'><strong>institueras</strong></span> <span class='ocrx_word' id='word_1_174' title='bbox 537 2071 650 2135; x_wconf 86' lang='lat' dir='ltr'><strong>ineos</strong></span> <span class='ocrx_word' id='word_1_175' title='bbox 674 2071 943 2156; x_wconf 81' lang='lat' dir='ltr'><strong>animadvertere,</strong></span> <span class='ocrx_word' id='word_1_176' title='bbox 971 2072 1028 2156; x_wconf 91' lang='lat' dir='ltr'><strong>qui</strong></span> <span class='ocrx_word' id='word_1_177' title='bbox 1050 2089 1147 2157; x_wconf 87' lang='lat' dir='ltr'><strong>perpe·</strong></span> 
     </span>
     <span class='ocr_line' id='line_1_23' title="bbox 152 2156 1147 2245; baseline -0.004 -22"><span class='ocrx_word' id='word_1_178' title='bbox 152 2179 222 2224; x_wconf 84' lang='lat' dir='ltr'><strong>ram</strong></span> <span class='ocrx_word' id='word_1_179' title='bbox 254 2157 463 2241; x_wconf 86' lang='lat' dir='ltr'><strong>iudicassent,</strong></span> <span class='ocrx_word' id='word_1_180' title='bbox 496 2158 581 2240; x_wconf 91' lang='lat' dir='ltr'><strong>quod</strong></span> <span class='ocrx_word' id='word_1_181' title='bbox 614 2179 709 2242; x_wconf 85' lang='lat' dir='ltr'><strong>saepe</strong></span> <span class='ocrx_word' id='word_1_182' title='bbox 741 2181 799 2244; x_wconf 89' lang='lat' dir='ltr'><strong>per</strong></span> <span class='ocrx_word' id='word_1_183' title='bbox 829 2159 1084 2245; x_wconf 85' lang='lat' dir='ltr'><strong>imprudentiam</strong></span> <span class='ocrx_word' id='word_1_184' title='bbox 1108 2156 1147 2235; x_wconf 72' lang='lat' dir='ltr'><strong>fit,</strong></span> 
     </span>
     <span class='ocr_line' id='line_1_24' title="bbox 152 2245 1145 2332; baseline 0 -22"><span class='ocrx_word' id='word_1_185' title='bbox 152 2247 212 2311; x_wconf 86' lang='lat' dir='ltr'><strong>hos</strong></span> <span class='ocrx_word' id='word_1_186' title='bbox 230 2245 354 2330; x_wconf 87' lang='lat' dir='ltr'><strong>pateris</strong></span> <span class='ocrx_word' id='word_1_187' title='bbox 372 2245 503 2329; x_wconf 89' lang='lat' dir='ltr'><strong>impune</strong></span> <span class='ocrx_word' id='word_1_188' title='bbox 521 2245 692 2330; x_wconf 87' lang='lat' dir='ltr'><strong>discedere,</strong></span> <span class='ocrx_word' id='word_1_189' title='bbox 711 2248 767 2332; x_wconf 90' lang='lat' dir='ltr'><strong>qui</strong></span> <span class='ocrx_word' id='word_1_190' title='bbox 786 2248 841 2328; x_wconf 93' lang='lat' dir='ltr'><strong>[ob</strong></span> <span class='ocrx_word' id='word_1_191' title='bbox 858 2251 952 2313; x_wconf 90' lang='lat' dir='ltr'><strong>tuum</strong></span> <span class='ocrx_word' id='word_1_192' title='bbox 970 2245 1145 2325; x_wconf 74' lang='lat' dir='ltr'><strong>decretum]</strong></span> 
     </span>
     <span class='ocr_line' id='line_1_25' title="bbox 153 2332 1147 2421; baseline -0.002 -22"><span class='ocrx_word' id='word_1_193' title='bbox 153 2335 195 2399; x_wconf 94' lang='lat' dir='ltr'><strong>ob</strong></span> <span class='ocrx_word' id='word_1_194' title='bbox 214 2338 307 2399; x_wconf 88' lang='lat' dir='ltr'><strong>tuum</strong></span> <span class='ocrx_word' id='word_1_195' title='bbox 324 2332 478 2398; x_wconf 91' lang='lat' dir='ltr'><strong>iudicium</strong></span> <span class='ocrx_word' id='word_1_196' title='bbox 496 2335 665 2418; x_wconf 89' lang='lat' dir='ltr'><strong>pecuniam</strong></span> <span class='ocrx_word' id='word_1_197' title='bbox 684 2339 742 2400; x_wconf 88' lang='lat' dir='ltr'><strong>aut</strong></span> <span class='ocrx_word' id='word_1_198' title='bbox 762 2335 901 2401; x_wconf 88' lang='lat' dir='ltr'><strong>dandam</strong></span> <span class='ocrx_word' id='word_1_199' title='bbox 920 2340 978 2400; x_wconf 84' lang='lat' dir='ltr'><strong>out</strong></span> <span class='ocrx_word' id='word_1_200' title='bbox 1001 2335 1147 2421; x_wconf 83' lang='lat' dir='ltr'><strong>accipien-</strong></span> 
     </span>
     <span class='ocr_line' id='line_1_26' title="bbox 99 2394 1175 2522; baseline -0.001 -35"><span class='ocrx_word' id='word_1_201' title='bbox 99 2394 227 2522; x_wconf 68' lang='lat' dir='ltr'><strong>{gldam</strong></span> <span class='ocrx_word' id='word_1_202' title='bbox 253 2422 436 2506; x_wconf 77' lang='lat' dir='ltr'><strong>putabant?</strong></span> <span class='ocrx_word' id='word_1_203' title='bbox 478 2421 647 2488; x_wconf 79' lang='lat' dir='ltr'><strong>Volcatius</strong></span> <span class='ocrx_word' id='word_1_204' title='bbox 674 2423 760 2490; x_wconf 88' lang='lat' dir='ltr'><strong>idem</strong></span> <span class='ocrx_word' id='word_1_205' title='bbox 785 2424 871 2509; x_wconf 89' lang='lat' dir='ltr'><strong>apud</strong></span> <span class='ocrx_word' id='word_1_206' title='bbox 892 2427 926 2489; x_wconf 90' lang='lat' dir='ltr'><strong>ta</strong></span> <span class='ocrx_word' id='word_1_207' title='bbox 948 2429 1067 2510; x_wconf 89' lang='lat' dir='ltr'><strong>postea</strong></span> <span class='ocrx_word' id='word_1_208' title='bbox 1086 2421 1175 2500; x_wconf 67' lang='lat' dir='ltr'><strong>fuluo</strong></span> 
     </span>
     <span class='ocr_line' id='line_1_27' title="bbox 153 2507 1147 2597; baseline -0.002 -21"><span class='ocrx_word' id='word_1_209' title='bbox 153 2531 250 2597; x_wconf 90' lang='lat' dir='ltr'><strong>eques</strong></span> <span class='ocrx_word' id='word_1_210' title='bbox 272 2511 452 2595; x_wconf 87' lang='lat' dir='ltr'><strong>Romanus,</strong></span> <span class='ocrx_word' id='word_1_211' title='bbox 479 2515 574 2576; x_wconf 87' lang='lat' dir='ltr'><strong>tanta</strong></span> <span class='ocrx_word' id='word_1_212' title='bbox 600 2515 733 2596; x_wconf 86' lang='lat' dir='ltr'><strong>occepta</strong></span> <span class='ocrx_word' id='word_1_213' title='bbox 759 2511 952 2597; x_wconf 79' lang='lat' dir='ltr'><strong>ignominia3</strong></span> <span class='ocrx_word' id='word_1_214' title='bbox 977 2507 1147 2594; x_wconf 84' lang='lat' dir='ltr'><strong>namquid</strong></span> 
     </span>
     <span class='ocr_line' id='line_1_28' title="bbox 153 2599 1146 2686; baseline -0.003 -20"><span class='ocrx_word' id='word_1_215' title='bbox 153 2606 204 2666; x_wconf 91' lang='lat' dir='ltr'><strong>est</strong></span> <span class='ocrx_word' id='word_1_216' title='bbox 221 2599 348 2685; x_wconf 88' lang='lat' dir='ltr'><strong>turpius</strong></span> <span class='ocrx_word' id='word_1_217' title='bbox 370 2599 520 2685; x_wconf 79' lang='lat' dir='ltr'><strong>ingenuo,</strong></span> <span class='ocrx_word' id='word_1_218' title='bbox 544 2599 621 2685; x_wconf 89' lang='lat' dir='ltr'><strong>quid</strong></span> <span class='ocrx_word' id='word_1_219' title='bbox 643 2599 750 2664; x_wconf 89' lang='lat' dir='ltr'><strong>minus</strong></span> <span class='ocrx_word' id='word_1_220' title='bbox 774 2600 877 2665; x_wconf 89' lang='lat' dir='ltr'><strong>libero</strong></span> <span class='ocrx_word' id='word_1_221' title='bbox 900 2600 1037 2686; x_wconf 80' lang='lat' dir='ltr'><strong>dignum</strong></span> <span class='ocrx_word' id='word_1_222' title='bbox 1060 2619 1146 2685; x_wconf 86' lang='lat' dir='ltr'><strong>quan</strong></span> 
     </span>
     <span class='ocr_line' id='line_1_29' title="bbox 152 2684 1145 2791; baseline -0.006 -38"><span class='ocrx_word' id='word_1_223' title='bbox 152 2689 186 2753; x_wconf 89' lang='lat' dir='ltr'><strong>in</strong></span> <span class='ocrx_word' id='word_1_224' title='bbox 199 2692 360 2791; x_wconf 77' lang='lat' dir='ltr'><strong>conventu</strong></span> <span class='ocrx_word' id='word_1_225' title='bbox 373 2688 514 2790; x_wconf 81' lang='lat' dir='ltr'><strong>maximo</strong></span> <span class='ocrx_word' id='word_1_226' title='bbox 529 2689 602 2773; x_wconf 82' lang='lat' dir='ltr'><strong>cogi</strong></span> <span class='ocrx_word' id='word_1_227' title='bbox 616 2711 637 2752; x_wconf 88' lang='lat' dir='ltr'><strong>a</strong></span> <span class='ocrx_word' id='word_1_228' title='bbox 649 2688 846 2774; x_wconf 81' lang='lat' dir='ltr'><strong>magistratu</strong></span> <span class='ocrx_word' id='word_1_229' title='bbox 859 2687 985 2754; x_wconf 80' lang='lat' dir='ltr'><strong>lurtum</strong></span> <span class='ocrx_word' id='word_1_230' title='bbox 1003 2684 1145 2754; x_wconf 82' lang='lat' dir='ltr'><strong>reddere?</strong></span> 
     </span>
     <span class='ocr_line' id='line_1_30' title="bbox 153 2776 1175 2950; baseline -0.004 -20"><span class='ocrx_word' id='word_1_231' title='bbox 153 2799 208 2930; x_wconf 71' lang='lat' dir='ltr'><strong>ll</strong></span> <span class='ocrx_word' id='word_1_232' title='bbox 226 2776 1175 2950; x_wconf 45' lang='lat' dir='ltr'><strong>⁸3territttessellata:llttlllt2·</strong></span> 
     </span>
     <span class='ocr_line' id='line_1_31' title="bbox 151 2953 1182 3038; baseline -0.006 -20"><span class='ocrx_word' id='word_1_233' title='bbox 151 2955 325 3038; x_wconf 88' lang='lat' dir='ltr'><strong>potuisset,</strong></span> <span class='ocrx_word' id='word_1_234' title='bbox 350 2953 512 3035; x_wconf 86' lang='lat' dir='ltr'><strong>inimicus,</strong></span> <span class='ocrx_word' id='word_1_235' title='bbox 534 2953 641 3024; x_wconf 86' lang='lat' dir='ltr'><strong>hostis</strong></span> <span class='ocrx_word' id='word_1_236' title='bbox 664 2957 750 3018; x_wconf 86' lang='lat' dir='ltr'><strong>esset</strong></span> <span class='ocrx_word' id='word_1_237' title='bbox 772 2956 866 3018; x_wconf 87' lang='lat' dir='ltr'><strong>tante</strong></span> <span class='ocrx_word' id='word_1_238' title='bbox 889 2953 1145 3018; x_wconf 74' lang='lat' dir='ltr'><strong>contumeliare</strong></span> <span class='ocrx_word' id='word_1_239' title='bbox 1181 3021 1182 3026; x_wconf 8' lang='grc' dir='ltr'>ἵ</span> 
     </span>
     <span class='ocr_line' id='line_1_32' title="bbox 152 3036 1182 3126; baseline -0.003 -21"><span class='ocrx_word' id='word_1_240' title='bbox 152 3045 259 3124; x_wconf 85' lang='lat' dir='ltr'><strong>cepta,</strong></span> <span class='ocrx_word' id='word_1_241' title='bbox 280 3041 345 3107; x_wconf 88' lang='lat' dir='ltr'><strong>nisi</strong></span> <span class='ocrx_word' id='word_1_242' title='bbox 366 3045 473 3107; x_wconf 92' lang='lat' dir='ltr'><strong>tecum</strong></span> <span class='ocrx_word' id='word_1_243' title='bbox 496 3045 567 3106; x_wconf 91' lang='lat' dir='ltr'><strong>tum</strong></span> <span class='ocrx_word' id='word_1_244' title='bbox 590 3041 785 3106; x_wconf 87' lang='lat' dir='ltr'><strong>conlusisset</strong></span> <span class='ocrx_word' id='word_1_245' title='bbox 807 3045 840 3105; x_wconf 91' lang='lat' dir='ltr'><strong>et</strong></span> <span class='ocrx_word' id='word_1_246' title='bbox 862 3045 937 3106; x_wconf 87' lang='lat' dir='ltr'><strong>tuae</strong></span> <span class='ocrx_word' id='word_1_247' title='bbox 960 3043 1072 3126; x_wconf 88' lang='lat' dir='ltr'><strong>potius</strong></span> <span class='ocrx_word' id='word_1_248' title='bbox 1092 3036 1146 3103; x_wconf 86' lang='lat' dir='ltr'><strong>exi·</strong></span> <span class='ocrx_word' id='word_1_249' title='bbox 1181 3049 1182 3078; x_wconf 50' lang='lat' dir='ltr'><strong>l</strong></span> 
     </span>
     <span class='ocr_line' id='line_1_33' title="bbox 153 3123 1145 3213; baseline 0.003 -22"><span class='ocrx_word' id='word_1_250' title='bbox 153 3127 334 3194; x_wconf 88' lang='lat' dir='ltr'><strong>stimationi</strong></span> <span class='ocrx_word' id='word_1_251' title='bbox 361 3131 514 3194; x_wconf 79' lang='lat' dir='ltr'><strong>servisset</strong></span> <span class='ocrx_word' id='word_1_252' title='bbox 541 3128 639 3213; x_wconf 84' lang='lat' dir='ltr'><strong>quam</strong></span> <span class='ocrx_word' id='word_1_253' title='bbox 662 3150 748 3194; x_wconf 89' lang='lat' dir='ltr'><strong>suae.</strong></span> <span class='ocrx_word' id='word_1_254' title='bbox 788 3127 850 3205; x_wconf 79' lang='lat' dir='ltr'><strong>Qui</strong></span> <span class='ocrx_word' id='word_1_255' title='bbox 873 3151 972 3213; x_wconf 87' lang='lat' dir='ltr'><strong>qnam</strong></span> <span class='ocrx_word' id='word_1_256' title='bbox 994 3130 1057 3194; x_wconf 93' lang='lat' dir='ltr'><strong>tibi</strong></span> <span class='ocrx_word' id='word_1_257' title='bbox 1079 3123 1145 3193; x_wconf 86' lang='lat' dir='ltr'><strong>ami·</strong></span> 
     </span>
     <span class='ocr_line' id='line_1_34' title="bbox 152 3213 1144 3302; baseline -0.005 -21"><span class='ocrx_word' id='word_1_258' title='bbox 152 3235 207 3281; x_wconf 89' lang='lat' dir='ltr'><strong>cus</strong></span> <span class='ocrx_word' id='word_1_259' title='bbox 238 3237 304 3280; x_wconf 91' lang='lat' dir='ltr'><strong>non</strong></span> <span class='ocrx_word' id='word_1_260' title='bbox 336 3218 442 3295; x_wconf 76' lang='lat' dir='ltr'><strong>modo,</strong></span> <span class='ocrx_word' id='word_1_261' title='bbox 458 3220 528 3286; x_wconf 90' lang='lat' dir='ltr'><strong>tam</strong></span> <span class='ocrx_word' id='word_1_262' title='bbox 555 3217 611 3282; x_wconf 91' lang='lat' dir='ltr'><strong>diu</strong></span> <span class='ocrx_word' id='word_1_263' title='bbox 638 3217 751 3302; x_wconf 80' lang='lat' dir='ltr'><strong>fucrit,</strong></span> <span class='ocrx_word' id='word_1_264' title='bbox 783 3239 881 3301; x_wconf 84' lang='lat' dir='ltr'><strong>quam</strong></span> <span class='ocrx_word' id='word_1_265' title='bbox 907 3217 962 3282; x_wconf 88' lang='lat' dir='ltr'><strong>diu</strong></span> <span class='ocrx_word' id='word_1_266' title='bbox 989 3213 1144 3283; x_wconf 88' lang='lat' dir='ltr'><strong>tecumin</strong></span> 
     </span>
     <span class='ocr_line' id='line_1_35' title="bbox 151 3303 1174 3389; baseline 0.007 -25"><span class='ocrx_word' id='word_1_267' title='bbox 151 3303 318 3386; x_wconf 84' lang='lat' dir='ltr'><strong>provincia</strong></span> <span class='ocrx_word' id='word_1_268' title='bbox 347 3304 424 3387; x_wconf 82' lang='lat' dir='ltr'><strong>fuit,</strong></span> <span class='ocrx_word' id='word_1_269' title='bbox 455 3324 568 3371; x_wconf 84' lang='lat' dir='ltr'><strong>verum</strong></span> <span class='ocrx_word' id='word_1_270' title='bbox 600 3305 699 3370; x_wconf 91' lang='lat' dir='ltr'><strong>etiam</strong></span> <span class='ocrx_word' id='word_1_271' title='bbox 730 3327 815 3370; x_wconf 89' lang='lat' dir='ltr'><strong>nunc</strong></span> <span class='ocrx_word' id='word_1_272' title='bbox 847 3305 904 3389; x_wconf 89' lang='lat' dir='ltr'><strong>sit,</strong></span> <span class='ocrx_word' id='word_1_273' title='bbox 935 3327 1010 3370; x_wconf 88' lang='lat' dir='ltr'><strong>oum</strong></span> <span class='ocrx_word' id='word_1_274' title='bbox 1041 3305 1103 3371; x_wconf 81' lang='lat' dir='ltr'><strong>ianr</strong></span> <span class='ocrx_word' id='word_1_275' title='bbox 1129 3307 1174 3362; x_wconf 67' lang='lat'><strong>³³⁵</strong></span> 
     </span>
     <span class='ocr_line' id='line_1_36' title="bbox 151 3388 1143 3480; baseline 0.004 -30"><span class='ocrx_word' id='word_1_276' title='bbox 151 3389 266 3451; x_wconf 88' lang='lat' dir='ltr'><strong>ceteris</strong></span> <span class='ocrx_word' id='word_1_277' title='bbox 283 3390 395 3453; x_wconf 85' lang='lat' dir='ltr'><strong>amicis</strong></span> <span class='ocrx_word' id='word_1_278' title='bbox 408 3391 550 3480; x_wconf 34' lang='lat' dir='ltr'><strong>,relictus</strong></span> <span class='ocrx_word' id='word_1_279' title='bbox 574 3413 617 3475; x_wconf 90' lang='lat' dir='ltr'><strong>es,</strong></span> <span class='ocrx_word' id='word_1_280' title='bbox 641 3397 734 3458; x_wconf 84' lang='lat' dir='ltr'><strong>etta</strong></span> <span class='ocrx_word' id='word_1_281' title='bbox 755 3392 931 3479; x_wconf 79' lang='lat' dir='ltr'><strong>intellegis,</strong></span> <span class='ocrx_word' id='word_1_282' title='bbox 954 3398 988 3459; x_wconf 90' lang='lat' dir='ltr'><strong>et</strong></span> <span class='ocrx_word' id='word_1_283' title='bbox 1009 3413 1069 3459; x_wconf 92' lang='lat' dir='ltr'><strong>nos</strong></span> <span class='ocrx_word' id='word_1_284' title='bbox 1089 3388 1143 3455; x_wconf 83' lang='lat' dir='ltr'><strong>exi·</strong></span> 
     </span>
     <span class='ocr_line' id='line_1_37' title="bbox 152 3473 1143 3566; baseline 0.006 -29"><span class='ocrx_word' id='word_1_285' title='bbox 152 3473 285 3538; x_wconf 87' lang='lat' dir='ltr'><strong>stimere</strong></span> <span class='ocrx_word' id='word_1_286' title='bbox 312 3495 492 3556; x_wconf 86' lang='lat' dir='ltr'><strong>possumus.</strong></span> <span class='ocrx_word' id='word_1_287' title='bbox 539 3479 593 3544; x_wconf 87' lang='lat' dir='ltr'><strong>An</strong></span> <span class='ocrx_word' id='word_1_288' title='bbox 619 3481 681 3546; x_wconf 91' lang='lat' dir='ltr'><strong>hoc</strong></span> <span class='ocrx_word' id='word_1_289' title='bbox 707 3481 812 3546; x_wconf 86' lang='lat' dir='ltr'><strong>solum</strong></span> <span class='ocrx_word' id='word_1_290' title='bbox 841 3485 1068 3566; x_wconf 78' lang='lat' dir='ltr'><strong>argumentum</strong></span> <span class='ocrx_word' id='word_1_291' title='bbox 1093 3481 1143 3558; x_wconf 86' lang='lat' dir='ltr'><strong>est,</strong></span> 
     </span>
    </p>
   </div>
   <div class='ocr_carea' id='block_1_3' title="bbox 0 0 1200 3944">
    <p class='ocr_par' dir='ltr' id='par_1_3' title="bbox 0 0 1200 3944">
     <span class='ocr_line' id='line_1_38' title="bbox 0 0 1200 3944; baseline 0 1"><span class='ocrx_word' id='word_1_292' title='bbox 0 0 1200 3944; x_wconf 95' lang='lat' dir='ltr'><strong> </strong></span> 
     </span>
    </p>
   </div>
  </div>
 </body>
</html>
