2422 3952
145 133 186 196 72
306 130 378 188 PRO
397 131 474 187 SEX.
492 130 623 187 nosolo
641 131 811 186 AMlllthO
830 130 973 186 ORATIO.

142 277 216 363 Ego
237 277 319 344 haec
340 277 451 342 emnie
472 273 720 362 Chrysogonum
742 275 858 342 iecisse
880 276 966 357 dico,
987 280 1028 342 nt
1050 298 1164 342 emen-

143 366 269 450 tiretur,
290 370 329 430 ut
350 366 474 432 malum
496 365 598 430 civem
620 363 689 430 Ser.
707 357 861 430 Roscium
883 363 984 430 finisse
1004 365 1163 451 fingeret,

143 458 181 519 nt
203 476 276 519 eum
299 454 385 541 apud
407 452 609 519 adversarios
632 451 773 518 occisum
796 475 867 518 esse
889 453 1019 536 diceret,
1041 458 1085 518 ut
1107 455 1163 518 his

144 543 183 608 de
199 543 297 609 rebus
315 565 335 609 e
351 541 469 628 legetis
482 541 712 606 Amerinorum
726 541 834 606 doceri
847 540 883 607 L.
896 539 1023 606 Sullem
1037 563 1164 626 pessus

143 631 283 698 nonsit.
327 629 474 713 Denique
497 629 595 693 etiem
617 628 700 694 illud
723 629 884 715 suspicor,
911 629 1044 695 omnino
1076 631 1189 696 heec⁵

144 721 231 785 bone
251 739 318 784 non
340 717 481 800 venisse;
502 717 537 780 id
560 719 645 801 quod
662 721 786 802 postes,
810 718 839 782 si
856 739 915 802 per
931 738 999 802 vos,
1023 717 1165 800 iudices,

92 821 144 870 128
162 807 288 871 licitum
315 805 390 888 erit,
423 804 593 890 operietur.
643 803 766 890 Opinor
793 804 880 871 enim
907 827 978 870 esec
1003 805 1041 870 in
1074 807 1164 894 lege,

145 915 242 979 quem
278 893 320 958 ed
352 892 436 958 diem
472 893 727 978 proscriptiones
762 893 1028 977 venditionesque
1063 895 1165 976 fient,

145 981 325 1064 [nimirum]
347 980 512 1046 Kalendas
538 981 657 1046 lunius.
702 980 841 1065 Aliquot
866 986 943 1067 post
969 1000 1105 1048 menses
1131 987 1164 1046 et

143 1070 242 1137 homo
266 1070 389 1138 occisus
413 1073 463 1134 est
486 1073 519 1146 et
541 1069 628 1134 bone
650 1070 777 1135 venisse
800 1068 956 1142 dicuntur.
1001 1069 1187 1136 Profecto1

145 1164 203 1225 eut
229 1159 309 1224 hcec
336 1159 423 1224 bone
448 1158 484 1223 in
513 1157 644 1223 tabulas
676 1158 825 1242 publices
856 1159 949 1223 nulle
979 1157 1163 1242 redierunt,

144 1267 268 1331 nosque
282 1247 324 1314 ab
341 1247 407 1312 isto
425 1247 586 1311 nebulone
603 1244 740 1310 facetius
759 1245 926 1330 eludimur,
945 1267 1046 1332 quem
1063 1252 1164 1332 pute·

145 1357 230 1420 mus,
263 1338 333 1418 cut,
365 1334 393 1398 si
423 1333 601 1419 redierunt,
637 1334 770 1399 tabulae
803 1333 953 1419 publicae
982 1340 1163 1419 corruptae

147 1423 257 1506 ulique
282 1422 409 1487 ratione
436 1426 525 1504 sunt,
555 1443 632 1486 nem
659 1423 732 1508 lege
766 1421 895 1506 quidem
926 1423 1014 1488 bonu
1044 1424 1162 1487 venire

145 1505 211 1576 non
232 1509 378 1594 potuisse
400 1512 538 1574 constet.
582 1509 744 1596 Intellego
767 1531 819 1576 me
842 1513 918 1576 ente
941 1513 1089 1596 tempus,
1114 1512 1186 1576 in·1

147 1599 243 1698 dices,
263 1597 343 1662 haec
362 1597 500 1698 serutari
520 1600 553 1662 et
575 1618 677 1682 prope
699 1597 831 1663 modum
853 1619 970 1682 errore,
994 1598 1059 1683 qui,
1082 1621 1162 1664 curn

146 1683 479 1841 tllzltulsstt
497 1684 1162 1858 tlsstnlgbtlnlltttrtzt

146 1863 307 1930 commodi
343 1862 444 1946 ducit,
479 1861 576 1928 facile
607 1866 788 1948 egestatem
820 1884 912 1928 suern
944 1883 978 1926 se
1010 1863 1162 1928 loturum

106 1991 111 1998 ·
146 1956 254 2037 putet,
292 1951 320 2016 si
355 1949 417 2018 hec
452 1951 585 2036 indigne
621 1951 803 2034 suspicione
839 1954 872 2015 et
906 1950 984 2016 ficto
1020 1951 1162 2016 crimine

95 2061 146 2111 129
163 2040 321 2106 liberatus
340 2039 393 2104 sit.
433 2035 555 2104 Verum
573 2059 692 2122 quaeso
712 2061 732 2104 e
749 2039 852 2122 vobis,
869 2038 1001 2122 iudices,
1018 2043 1057 2103 nt
1073 2039 1161 2104 haec

26 2201 32 2212 ¹
146 2149 258 2210 pauca,
281 2147 364 2216 quae
387 2129 521 2211 restant,
544 2127 592 2191 ito
614 2126 763 2210 audiatis,
784 2131 822 2192 ut
839 2127 960 2210 partim
978 2148 1030 2192 me
1049 2126 1160 2192 dicere

146 2235 205 2297 pro
233 2214 379 2298 meipso
402 2215 538 2299 putetis,
567 2213 688 2300 partim
711 2236 771 2300 pro
795 2211 865 2280 Sex.
896 2213 1023 2281 Roscio.
1064 2213 1160 2290 Quae

148 2302 233 2392 enim
255 2301 336 2367 mihi
356 2301 420 2387 ipsi
438 2301 572 2388 indigne
590 2306 623 2367 et
640 2303 862 2367 intolerabilia
879 2302 1037 2387 videntur,
1060 2325 1160 2386 quee-

148 2411 209 2473 que
232 2389 273 2456 ed
297 2388 411 2475 omnis,
432 2389 497 2455 nisi
519 2391 734 2474 providemus,
757 2390 899 2456 arbitror
920 2391 1091 2476 pertinere,
1118 2407 1196 2457 ees

147 2499 206 2561 pro
224 2499 276 2542 me
295 2479 366 2562 ipso
385 2500 423 2543 ex
445 2478 544 2543 enimi
566 2479 630 2543 mei
653 2499 749 2544 sensu
771 2499 809 2544 sc
831 2479 943 2544 dolore
965 2481 1159 2564 pronuntio,

148 2587 229 2649 quae
257 2566 298 2632 ad
324 2566 420 2633 huius
451 2566 555 2631 vitem
586 2587 780 2650 causamque
808 2566 988 2652 pertinent,
1018 2571 1051 2632 et
1078 2568 1159 2651 qnid

146 2654 199 2719 hie
225 2676 285 2740 pro
313 2676 348 2720 se
370 2654 432 2720 dici
455 2653 535 2719 velit
557 2657 594 2727 et¹
611 2676 678 2739 ‘qun
700 2654 886 2720 condicione
908 2657 1080 2720 contentus
1103 2655 1158 2740 sit,

95 2741 213 2872 ,biam
235 2743 270 2808 in
293 2747 438 2808 extreme
460 2742 607 2807 cretione
629 2746 756 2828 nostre,
783 2742 917 2827 iudices,
940 2743 1087 2810 audietis
1112 2749 1116 2757 '

96 2886 146 2934 1³⁰
164 2827 1194 3003 elllqlltqlllltflt,ltqtlltttltrln³·

47 3021 49 3026 ·
149 3004 261 3070 deinde
284 3027 383 3090 quere
401 3005 543 3070 hominis
562 3004 639 3089 eins,
663 3007 718 3090 qui
735 3026 830 3088 neque
842 3009 1034 3092 proserpere
1050 3029 1158 3092 neque
1198 3037 1199 3084 v

148 3092 234 3174 opud
247 3093 449 3160 adversarios
464 3093 587 3162 occisus
602 3098 660 3178 est,
678 3095 765 3160 bone
778 3093 946 3179 venierint,
964 3117 1038 3161 cnm
1051 3095 1088 3160 in
1100 3116 1158 3160 eos
1198 3099 1199 3162 l

148 3180 236 3244 solos
255 3179 307 3244 lex
326 3180 518 3265 scriptasit,
541 3181 654 3246 deinde
674 3203 772 3267 quere
796 3182 962 3267 eliquanto
985 3187 1063 3269 post
1085 3205 1157 3248 enm

148 3266 233 3332 diem
250 3267 420 3352 venierint,
443 3289 525 3352 ques
544 3269 665 3334 diesin
683 3271 755 3355 lege
773 3270 945 3354 praefinite
963 3276 1022 3356 eet,
1043 3269 1157 3336 deinde
1170 3287 1199 3344 ³⁵,

149 3376 205 3418 eur
218 3354 347 3420 tantulo
362 3356 529 3420 venierint.
561 3355 650 3432 Quae
669 3357 778 3422 omnin
796 3357 833 3442 si,
853 3379 948 3443 quem
967 3359 1157 3424 admodum

139 3440 256 3534 ,solent
279 3439 389 3504 liberti
411 3461 551 3524 nequem
574 3447 607 3508 et
629 3444 774 3529 improbi.
792 3444 908 3530 fecere,
930 3446 965 3510 in
983 3450 1157 3531 patronum
1198 3503 1199 3514 v
