2402 3936
148 121 214 184 280
443 118 483 173 ΙΝ
502 117 531 172 O.
546 116 702 173 VERREM
719 115 799 172 Aca.
817 117 851 172 Π.

94 235 135 359 {J
148 261 255 328 cium?
309 258 391 328 (tum
425 261 576 326 omnibus
607 261 643 325 in
674 260 749 325 aliis
782 260 1014 346 vectigalibus,
1045 259 1150 344 Asiae,

147 347 368 435 Macedoniae,
400 348 593 434 Hispaniae,
627 347 768 433 Galliae,
799 348 946 433 Africae,
978 346 1153 431 Sardiniae,

147 438 250 523 ipsius
276 436 393 502 Italiae
421 458 503 522 quae
530 436 706 522 vectigalia
733 441 825 520 sunt,
853 457 927 502 cum
953 436 990 500 in
1016 436 1083 518 his,
1110 437 1150 500 in·

149 539 260 610 quam,
291 526 388 589 rebus
417 525 566 590 omnibus
593 524 786 609 publicanus
812 523 935 609 petitor
962 528 1021 589 ant
1046 525 1151 610 pigne·

148 619 248 698 rator,
271 633 337 678 non
357 616 487 697 ereptor
508 633 612 696 neque
634 632 805 697 possessor
826 612 933 677 soleat
955 631 1036 695 esse,
1058 616 1099 676 tu
1117 610 1172 673 des

150 701 285 787 optimo,
301 700 339 764 de
350 701 539 784 iustissimo,
553 701 592 765 de
605 700 836 765 honestissimo
849 719 967 786 genere
979 699 1152 780 hominum,

150 789 212 854 hoc
225 793 277 853 est
292 788 331 852 de
350 789 543 872 aratoribus,
561 809 600 853 ea
617 788 688 853 iura
706 788 938 871 constituebas,
956 809 1041 871 quae
1059 785 1153 852 omni·
1185 861 1186 882 ,

150 877 211 942 bus
231 875 304 940 aliis
327 880 436 941 essent
458 875 645 957 contraria?
683 874 804 940 Utrum
827 879 878 940 est
900 875 1046 960 aequius,
1069 876 1152 939 decu·
1185 917 1186 920 κ

151 985 283 1030 manum
296 968 407 1048 petere
425 985 468 1030 an
486 969 649 1029 aratorem
666 963 834 1048 repetere?
856 963 1013 1028 iudicium
1031 963 1152 1046 integra

150 1073 186 1117 re
218 1073 261 1117 an
286 1053 414 1137 perdita
439 1051 533 1117 fieri?
564 1073 651 1136 eum,
683 1051 739 1135 qui
765 1071 864 1116 manu
891 1051 1087 1136 quaesierit,
1115 1067 1187 1128 erno¹

152 1161 240 1223 eum,
273 1141 330 1225 qui
360 1140 464 1226 digito
496 1138 604 1205 licitus
637 1138 694 1222 sit,
725 1139 915 1223 possidere?
965 1136 1074 1214 Quid?
1104 1136 1153 1220 qni

153 1227 290 1313 singulis
315 1229 400 1314 iugis
424 1231 532 1311 arant,
559 1227 615 1311 qui
638 1227 678 1292 ab
702 1245 799 1311 opere
821 1226 886 1311 ipsi
908 1247 976 1291 non
998 1226 1153 1307 recedunt,

153 1337 216 1399 quo
243 1316 278 1379 in
304 1337 439 1380 numero
467 1335 605 1400 magnus
632 1317 707 1379 ante
734 1317 769 1378 te
793 1317 980 1397 praetorem
1005 1333 1153 1392 numerus

153 1425 191 1468 ac
208 1423 329 1488 magna
346 1403 521 1469 multitudo
539 1400 720 1467 Siculorum
737 1401 811 1485 fuit,
833 1401 911 1485 quid
932 1401 1065 1482 facient,
1087 1421 1153 1466 cum
1187 1417 1188 1444 ³

153 1490 459 1575 dederintApronio,
471 1491 557 1576 quod
568 1489 775 1574 poposcerit?
792 1489 978 1573 relinquent
987 1490 1153 1570 arationes,
1165 1503 1186 1542 ιε

152 1576 336 1660 relinquent
349 1578 465 1644 Larem
479 1578 675 1644 familiarem
689 1576 805 1643 suum?
825 1577 957 1642 venient
972 1574 1153 1661 Syracusas,

65 1705 67 1710 ·
152 1669 190 1730 ut
207 1669 241 1730 te
258 1669 409 1749 praetore
425 1666 576 1732 videlicet
599 1686 702 1750 aequo
724 1665 794 1730 iuro
811 1665 1005 1750 Apronium,
1029 1665 1154 1730 delicias

153 1774 191 1818 ac
218 1753 319 1819 vitam
347 1758 453 1839 tuam,
482 1754 601 1819 iudicio
628 1752 867 1837 recuperatorio
899 1751 1154 1838 persequantur?

99 1854 135 1904 28
153 1839 277 1907 Verum
290 1845 374 1927 est03
392 1843 571 1927 reperietur
585 1841 686 1926 aliqui
698 1841 795 1906 fortis
809 1845 842 1905 et
856 1841 1027 1926 experiens
1041 1845 1154 1921 mator,

153 1929 222 2013 qui,
245 1951 317 1995 cum
336 1934 465 1996 tantum
488 1930 612 1994 dederit
634 1930 823 2013 decumano,
847 1932 1007 2012 quantum
1029 1929 1086 1994 ille
1108 1928 1187 1992 de»

63 2089 66 2097 Α
154 2017 223 2081 beri
246 2017 376 2101 dixerit,
398 2017 516 2082 iudicio
538 2021 668 2100 repetat
689 2020 723 2083 et
744 2038 882 2102 poenam
905 2017 1032 2100 octupli
1053 2036 1155 2100 perse·
1189 2073 1190 2086 ἢ

154 2107 285 2187 quatur:
322 2108 455 2188 expecto
491 2104 559 2168 vim
595 2105 705 2186 edicti,
740 2105 947 2170 severitatem
985 2104 1153 2190 praetoria

153 2191 248 2254 faveo
266 2192 398 2274 aratori,
420 2189 514 2275 cupio
538 2191 662 2276 octupli
685 2191 833 2258 damnari
847 2192 1041 2277 Apronium.
1076 2189 1153 2267 Quid

153 2277 285 2342 tandem
311 2279 460 2364 postulat
486 2279 617 2343 arator?
667 2277 760 2355 Nihil
785 2280 851 2346 nisi
877 2301 916 2344 ex
944 2280 1050 2346 edicto
1077 2277 1153 2342 iudi-

154 2364 239 2430 cium
269 2365 305 2430 in
338 2367 514 2452 octuplum.
563 2364 647 2442 Quid
678 2367 865 2453 Apronius?
914 2365 993 2433 Non
1023 2370 1186 2432 recusare

154 2451 237 2529 Quid
260 2454 413 2538 praetor?
452 2453 548 2520 Iubet
570 2461 812 2539 recuperatores
835 2454 964 2520 reicere.
1004 2454 1153 2520 Decuriee

155 2541 341 2607 scribamus.
378 2540 465 2618 Quas
484 2543 651 2608 decurias?
692 2542 752 2608 ‘De
774 2544 908 2609 cohorte
931 2564 1005 2608 mea
1027 2538 1154 2622 reiciee’,

153 2633 284 2784 cell,
299 2630 533 2803 alletia
550 2630 682 2783 aare
700 2651 872 2784 salua
885 2627 1154 2798 aaut

155 2827 236 2890 quos
254 2806 399 2872 tribunal
417 2827 525 2871 meum
543 2805 632 2870 vides
650 2805 820 2890 lambere'3
842 2828 920 2872 nam
938 2806 978 2871 de
1000 2808 1187 2872 conventu»

153 2895 280 2960 nullum
316 2914 471 2978 umquam
506 2892 644 2958 iudicem
675 2915 734 2959 nec
766 2898 1027 2979 recuperatorem
1057 2892 1152 2970 dedit,

154 2981 282 3065 iniquos
306 2982 490 3048 decumanis
514 3001 584 3046 esse
607 2981 716 3046 aiebat
738 2982 857 3065 omnis,
883 2983 939 3066 qui
962 2983 1063 3047 ullam
1085 2977 1152 3064 agn'

155 3069 286 3153 glebam
313 3070 525 3155 possiderent.
565 3067 768 3134 Veniendum
795 3073 866 3135 erat
893 3071 934 3134 ad
963 3091 1018 3136 eos
1045 3071 1152 3134 centn

154 3154 351 3242 Apronium,
379 3158 435 3242 qui
460 3156 604 3222 nondum
627 3157 808 3242 Aproniani
830 3157 971 3224 convivii
993 3155 1150 3241 crapulam

102 3243 371 3308 12exhalassent.
412 3244 662 3329 Opraeclarum
685 3249 717 3310 et
740 3244 1057 3310 commemorandum
1076 3239 1150 3306 iudi·
1163 3253 1185 3293 π

154 3328 252 3474 piuml
269 3350 305 3475 ¹o
333 3350 480 3396 severum
508 3330 663 3397 edictuml
695 3353 714 3397 ο
741 3335 850 3398 tutum
876 3333 1061 3419 perfugium
1085 3349 1150 3394 ara·

172 3432 264 3474 orum
