2464 3938
111 707 154 835 u

110 1977 144 2028 52

110 2855 143 2905 53

164 157 206 222 16
430 154 502 211 PRO
519 155 550 210 P.
564 153 737 221 QUINGTIO
757 153 900 209 ORATIO.

162 299 328 386 praedicat
347 302 380 364 et
397 299 539 383 pretium
562 297 704 380 conficit,
726 298 801 364 huic
824 296 1069 364 acerbissimum
1089 297 1161 362 rivo

162 387 349 473 videntique
375 385 473 452 funus
500 386 640 469 ducitur,
667 386 696 450 si
721 384 818 451 funus
845 385 879 451 id
900 385 1084 452 habendum
1105 390 1163 468 est,

164 498 227 560 quo
241 497 308 541 non
326 475 421 541 amici
439 475 634 540 conueniunt
652 473 694 538 ad
712 473 880 557 exsequias
899 472 1164 556 cohonestaudss,

164 565 220 630 aed
237 564 398 629 bonorum
416 565 578 646 emptores
597 564 634 626 ut
652 561 817 626 carnifices
839 561 881 626 od
902 559 1057 644 reliquias
1078 561 1163 627 ritae

163 651 351 718 lacerandas
375 653 408 714 et
431 649 666 716 distrahendas.
1177 664 1188 706 e

229 737 345 822 Itaque
373 737 512 803 maiores
538 737 644 802 nostri
668 758 743 802 raro
764 736 799 803 id
821 735 963 802 accidere
985 737 1166 817 volucrunt,

163 831 343 912 praetores,
368 829 406 890 ut
428 825 628 891 considerate
649 824 755 908 fieret,
781 829 1059 908 comparaverunt.
1094 824 1166 891 Viri

164 914 332 979 bonicum
354 914 465 999 palam
487 912 692 997 fraudantur,
715 933 788 978 cum
810 911 997 997 experiundi
1018 915 1164 997 potestas

163 1023 230 1068 non
256 1006 320 1084 est,
346 1001 459 1066 timide
485 1004 597 1066 tamen
624 1004 657 1066 et
678 1000 911 1085 pedetemptim
933 999 1017 1067 istuc
1040 1000 1166 1066 descen-

164 1090 245 1155 dunt
262 1090 295 1155 vi
314 1112 352 1155 ac
368 1089 562 1155 necessitate
580 1088 693 1171 coacti,
714 1087 818 1172 inviti,
839 1087 953 1153 multis
973 1087 1166 1156 vadimoniis
1178 1103 1201 1144 1⁰

165 1178 314 1262 desertis,
346 1199 441 1263 saepe
468 1177 558 1243 illusi
585 1198 622 1242 ac
650 1176 810 1260 destituti;
840 1175 1045 1242 considerent
1072 1177 1166 1260 enim,

164 1265 243 1349 quid
261 1269 294 1330 ot
312 1270 470 1349 quantum
492 1265 537 1330 sit
559 1264 694 1330 alterius
717 1265 803 1329 bona
825 1263 1035 1349 proscribere.
1072 1262 1166 1350 Iugu-

162 1353 232 1418 lare
246 1354 348 1418 civem
361 1374 403 1419 ue
414 1353 485 1418 iure
499 1353 628 1435 quidem
643 1351 814 1436 quisquam
827 1352 932 1418 bonus
946 1352 1028 1435 vult,
1040 1353 1167 1419 mavult

164 1441 410 1506 commemorari
423 1462 467 1523 se,
486 1461 557 1506 cum
575 1443 687 1525 posset
705 1440 847 1524 perdere,
864 1439 1046 1524 pepercisse
1061 1462 1167 1525 quam,

164 1550 237 1594 cum
266 1549 397 1612 parcere
423 1527 581 1612 potuerit,
612 1527 797 1613 perdidisse.
842 1525 992 1594 Haecin
1018 1528 1166 1594 homines
1180 1542 1201 1584 1⁵

162 1615 394 1699 alienissimos,
422 1616 558 1700 denique
584 1615 827 1682 inimicissimos
855 1615 917 1680 viri
943 1615 1021 1680 boni
1043 1615 1168 1682 faciunt

164 1707 197 1769 et
224 1703 392 1769 hominum
421 1703 671 1768 existimationis
695 1707 727 1768 et
750 1703 930 1769 communis
952 1703 1168 1770 humanitatis

162 1813 277 1946 iiiii·
287 1796 333 1894 ut,
351 1815 424 1894 cum
437 1792 501 1894 ipsi
513 1791 597 1857 nihil
616 1791 712 1944 iiim
719 1791 866 1945 dscientes
884 1791 1168 1944 ipcommodmint,

161 1902 232 1947 mr
267 1903 280 1946 1
303 1902 348 1946 ers
371 1902 440 1946 rure
461 1901 623 1947 mcommo
680 1901 718 1944 oa
740 1901 792 1944 ere
838 1900 928 1945 oser.

250 1904 304 2034 Ad
331 1968 551 2035 uadimonium
580 1989 646 2034 non
672 1967 769 2032 venit.
814 1901 915 2042 duis?
953 1965 1202 2054 Propinquus.²⁰

163 2055 199 2121 si
225 2077 277 2121 res
304 2056 370 2121 ista
398 2055 592 2141 gravissima
619 2077 677 2120 sua
704 2059 820 2138 sponte
848 2055 1024 2138 rideretur,
1056 2060 1168 2123 tamen

163 2145 231 2208 eius
246 2143 400 2208 atrocitas
414 2141 659 2208 necessitudinis
673 2142 803 2207 nomine
817 2142 989 2209 levaretur.
1013 2142 1068 2208 Ad
1081 2144 1168 2210 vadi-

162 2231 308 2297 monium
324 2251 391 2294 non
408 2229 507 2294 venit.
542 2227 642 2304 Quis?
665 2227 786 2296 Socius.
821 2229 932 2295 Etiam
953 2231 1088 2317 gravius
1111 2232 1168 2297 ali·

156 2318 242 2403 quid
270 2318 301 2383 ei
330 2317 462 2383 deberes
492 2317 677 2401 concedere,
706 2318 837 2402 quicum
864 2322 898 2383 te
928 2322 985 2384 aut
1013 2319 1167 2388 voluntas

163 2410 394 2492 congregasset
409 2409 466 2471 aut
478 2406 611 2471 fortuna
624 2405 851 2472 coniunxisset.
877 2406 931 2471 Ad
946 2405 1202 2474 vadimoniumu

162 2514 228 2560 non
256 2493 354 2559 venit.
400 2493 500 2569 Quis?
531 2492 578 2578 Is,
608 2494 663 2578 qui
691 2494 754 2560 tibi
781 2498 913 2578 praesto
941 2516 1069 2580 semper
1094 2495 1168 2562 fuit.

161 2581 251 2668 Ergo
269 2581 304 2646 in
322 2603 405 2667 eum,
427 2582 483 2667 qui
501 2583 601 2648 semel
619 2582 681 2649 hoc
698 2583 869 2666 commisit,
892 2586 929 2648 ut
949 2582 1011 2649 tibi
1032 2588 1167 2668 praesto

161 2691 228 2736 non
246 2673 345 2748 esset,
369 2670 477 2736 omnia
499 2670 566 2735 tela
588 2670 766 2753 coniecisti,
789 2691 871 2754 quae
890 2674 1009 2754 parate
1032 2675 1109 2736 sunt
1132 2673 1169 2738 iu

163 2779 232 2842 eos,
271 2758 325 2842 qui
385 2758 525 2824 ermulta
556 2759 643 2824 male
678 2758 795 2844 agendi
813 2778 910 2822 causa
930 2758 1168 2844 fraudandique

161 2845 328 2912 fecenmt?
362 2781 400 2910 Idi
423 2843 602 2930 dupondius
624 2850 700 2912 tuus
724 2853 887 2932 ageretur,
910 2843 981 2912 Sex.
999 2845 1114 2931 Naevi,
1139 2849 1168 2913 si
1181 2865 1203 2906 a

161 2935 431 3107 tullus.
446 2934 1168 3107 lllltttfflillltrallatis

245 3071 253 3085 ⁶
843 3073 852 3106 θ

162 3110 496 3175 concurrissesl-cum
517 3110 570 3175 ius
593 3109 767 3195 amicitiae,
791 3110 970 3194 societatis,
993 3076 1168 3178 affinitatis,

162 3200 325 3282 ageretur,
341 3205 345 3218 '
359 3220 432 3263 cum
464 3198 563 3264 officii
593 3197 753 3264 rationem
784 3203 882 3283 atque
914 3198 1167 3268 existimationis

161 3285 234 3350 duci
256 3285 455 3370 conueniret,
471 3307 519 3352 eo
542 3290 688 3370 tempore
710 3290 748 3350 tu
769 3307 836 3352 non
858 3286 954 3354 modo
976 3307 1043 3352 non
1065 3289 1109 3354 ad
1131 3287 1166 3355 G.
1180 3307 1204 3348 u

160 3372 328 3456 Aquilium
342 3377 398 3438 aut
411 3372 447 3438 L.
456 3372 615 3439 Lucilium
629 3373 797 3458 rettulisti,
815 3375 871 3440 sed
886 3395 927 3440 ne
944 3375 1016 3460 ipsc
1034 3376 1167 3459 quidam
1224 3427 1225 3483 ,

159 3464 194 3526 tc
208 3461 408 3559 consuluisti,
425 3481 466 3526 ne
479 3461 541 3527 hoc
558 3462 686 3546 quidem
705 3467 811 3530 tecum
830 3463 957 3530 locutus
976 3483 1023 3528 es:
1042 3461 1167 3532 ‘Horae
1224 3495 1225 3510 ¹
