2402 3936
179 181 245 248 306
476 177 517 232 us
536 177 564 232 c.
583 175 739 233 vunnnu
756 175 836 232 sou.
854 177 889 232 u.

178 323 423 392 Tasrnrournu
440 339 625 388 Poenicum.
660 321 714 387 Ab
732 320 794 387 hac
812 321 925 386 eadem
947 321 1078 386 civitate
1101 343 1177 386 anno

180 413 320 479 secundo
340 411 442 478 simili
458 410 586 476 ratione
605 413 767 475 emortum
784 430 855 474 esse
874 409 1041 495 pecuniam
1064 413 1100 474 et
1116 408 1177 473 Sem

179 501 350 568 Vennonio
369 501 480 565 datam
498 520 537 564 ex
555 498 668 564 eodem
685 497 874 564 testimonio
898 497 1107 583 cognovistis.
1140 499 1178 562 At

180 589 435 672 Amestratinos,
466 587 614 652 homines
645 586 766 670 tenuis,
797 607 872 651 cum
899 607 1008 651 eorum
1035 586 1178 651 decumas

180 678 350 744 medimnis
368 692 459 742 noco
482 675 681 740 vendidisses
703 673 872 740 Bariobali
891 672 1029 740 Venerio
1055 672 1194 760 (coguut

179 765 261 832 'scite
287 764 421 830 nomina
447 761 709 849 publicanorum)
735 799 780 810 -
807 762 898 848 cogis
925 783 982 827 eos
1008 763 1085 848 plus
1107 763 1180 828 lucri

180 853 306 935 addere,
328 874 426 936 quam
445 851 560 937 quanti
577 851 754 934 vomerent,
776 871 849 916 cum
871 871 993 936 magno
1014 852 1177 916 venissent

178 941 269 1007 Dant
296 939 465 1006 Bariobali
497 939 659 1005 medimna
689 954 818 1022 eccon,
849 935 906 1004 HS
930 957 992 1004 un.
1036 937 1178 1004 Profecto

178 1051 357 1114 numquam
380 1029 536 1094 istetem
560 1048 671 1092 amens
693 1027 823 1110 fuisset,
849 1031 887 1092 nt
910 1047 950 1092 ex
973 1048 1055 1114 agro
1077 1026 1179 1114 populi

179 1118 320 1184 Romani
350 1117 425 1202 plus
455 1116 613 1182 frumeuti
644 1135 738 1182 servo
764 1112 905 1181 Venerio
937 1137 1035 1200 quem
1069 1116 1194 1200 populor

180 1207 328 1272 Romano
351 1205 454 1274 tribui
476 1207 656 1289 pateretur,
682 1203 747 1268 nisi
770 1203 875 1268 omnis
898 1225 938 1270 ea
960 1204 1084 1288 praeda
1105 1203 1178 1269 servi

126 1312 162 1364 eo
179 1295 310 1361 nomine
324 1293 366 1360 ad
378 1294 479 1360 istum
493 1293 600 1379 ipsum
614 1291 806 1375 perveniret.
837 1291 973 1376 Petrini,
991 1313 1066 1358 cum
1080 1312 1178 1357 eornm

180 1384 333 1448 decumae
355 1403 475 1468 magno
499 1380 645 1446 addictae
668 1384 788 1463 essent,
809 1383 922 1446 tamen
943 1379 1131 1446 invitissimi
1149 1379 1178 1442 P.

179 1469 305 1536 Naevio
323 1469 489 1556 Turpioni,
506 1469 632 1534 homini
649 1467 903 1552 improbissimo,
922 1468 979 1552 qui
997 1469 1176 1534 iniuriarum

106 1595 108 1602 ·
176 1557 354 1624 Sacerdote
374 1561 525 1644 praetore
547 1555 719 1632 damnatus
743 1559 806 1640 est,
828 1554 884 1621 Hs
906 1559 962 1621 ῖῐῑ
984 1557 1062 1622 dare
1084 1555 1194 1623 coacti¹

180 1650 265 1712 sunt.
314 1644 408 1710 Itane
440 1646 597 1713 dissolute
629 1644 779 1710 decumas
804 1645 1001 1730 vendidisti,
1034 1649 1086 1730 ut,
1114 1667 1176 1711 euni

180 1738 266 1802 esset
297 1733 495 1800 medimnum
522 1731 578 1798 Hs
605 1752 667 1816 xv,
698 1732 863 1798 venissent
895 1739 1005 1799 autem
1038 1733 1194 1818 decumae,

180 1823 377 1890 medimnum
403 1825 456 1906 1‘1'1,
486 1823 548 1888 hoc
578 1825 629 1888 est
655 1818 711 1886 HS
737 1823 870 1904 ᾖ,
900 1821 985 1887 lucri
1013 1822 1175 1888 decumano

178 1910 235 1977 HS
258 1915 306 1977 n‘ri
338 1911 512 1977 darentur?
561 1909 608 1975 At
634 1930 811 1997 permagno
840 1909 991 1974 decumas
1020 1910 1088 1976 eius
1114 1907 1175 1994 agn'

178 2000 361 2065 vendidisti.
404 1997 565 2063 Videlicet
597 1998 758 2083 gloriatur
784 2019 851 2065 non
877 1997 1037 2082 'lm-pioni
1062 1999 1193 2064 lucrans

125 2088 400 2212 40datumtesse,
423 2087 479 2186 sed
500 2084 643 2150 Petrinis
665 2087 835 2171 pecuniam
858 2089 1015 2171 ereptam.
1192 2107 1193 2154 ς

125 2224 159 2273 91
246 2173 351 2250 Qurd‘?
387 2171 608 2257 Halrcyenses,
632 2195 769 2258 quorum
786 2175 912 2241 incolae
931 2175 1082 2240 decumas
1099 2157 1193 2252 danti

179 2438 277 2503 sunt?
314 2436 349 2503 Si
370 2437 417 2524 id,
441 2437 527 2522 quod
548 2439 687 2504 maxime
710 2400 909 2524 vis,²posses
931 2439 1084 2523 probare,
1105 2437 1192 2557 hwl

179 2526 221 2592 ad
240 2527 433 2593 decumanos
453 2527 544 2594 lucra
566 2527 706 2612 venisse,
727 2527 810 2592 nihil
833 2531 866 2592 te
889 2527 1055 2612 attigisse,
1076 2531 1172 2591 tamen

178 2616 241 2680 hae
272 2615 427 2700 pecuniae
458 2636 517 2700 per
547 2615 614 2680 vim
647 2619 744 2700 atque
773 2615 925 2680 iniuriam
952 2619 1045 2681 tuam
1072 2617 1172 2698 captae

180 2706 241 2786 [et]
256 2701 445 2769 conciliatae
458 2703 521 2768 tibi
533 2703 641 2768 fraudi
654 2724 692 2768 ac
710 2703 911 2769 damnationi
929 2725 1001 2768 esse
1019 2703 1172 2781 deberent;
1190 2767 1191 2782 ἶ

179 2815 253 2859 cum
271 2813 348 2858 vero
366 2790 429 2857 hoc
446 2791 568 2856 nemini
586 2791 779 2875 persuadere
797 2791 913 2876 possis,
934 2795 969 2856 te
987 2795 1057 2857 tam
1079 2811 1171 2857 amen·
1190 2787 1191 2862 l

178 2884 247 2946 tem
274 2878 389 2964 foisse,
420 2883 457 2944 nt
479 2877 661 2963 Apronium
689 2883 723 2944 et
748 2879 961 2965 impioram,
992 2901 1102 2945 servos
1126 2878 1190 2942 hos

179 2968 296 3054 mines,
327 2972 385 3034 tuo
412 2968 615 3053 liberumque
642 2972 774 3036 tuorum
800 2967 944 3051 periculo
972 2968 1089 3034 divites
1113 2963 1171 3031 fieri

179 3056 295 3140 velles,
327 3056 550 3121 dubitaturum
581 3077 774 3142 quemquam
802 3055 982 3140 existimas,
1013 3056 1092 3141 quin
1116 3052 1170 3118 illis

125 3153 160 3204 en
181 3142 357 3208 emissariis
380 3145 459 3210 haec
481 3143 545 3209 tibi
567 3144 672 3208 omnis
695 3144 831 3228 pecunia
853 3144 1002 3228 quaesita
1024 3145 1090 3210 sit?
1126 3139 1170 3205 Se

106 3259 110 3267 ·
179 3233 307 3313 gestam
338 3232 417 3298 item
434 3231 489 3298 ¹od
514 3232 692 3298 immunem
720 3233 885 3298 civitatem
907 3230 1067 3298 Venerius
1093 3229 1170 3316 Syn·

179 3317 313 3381 machus
348 3319 542 3386 decumanus
574 3320 772 3386 immittitur.
821 3320 855 3386 ls
887 3321 928 3385 ab
959 3321 1026 3386 isto
1058 3319 1189 3386 littorasl

176 3401 289 3499 'affert
311 3407 349 3466 ut
370 3405 433 3470 sibi
456 3411 569 3472 contra
592 3409 701 3474 omnia
724 3411 855 3474 senatus
879 3408 1029 3474 consulta
1053 3399 1189 3493 [,oontral

180 3506 290 3552 omma
315 3488 401 3569 iura]
430 3497 606 3578 contraque
633 3496 740 3582 legem
766 3495 933 3579 Rupiliam
961 3499 1054 3562 extra
1079 3496 1169 3560 lorum
