2404 3928
286 179 353 236 nra.
372 181 412 237 lv
443 181 520 238 OAP.
540 189 582 252 aa,
602 189 635 240 aa
654 189 669 250 s
689 189 836 240 res-rar.
999 185 1063 250 427

57 323 158 408 blice,
190 345 287 408 quam
310 323 406 390 Verri
429 327 597 392 ‘dederunt
642 325 772 413 Negare
804 349 870 394 non
902 332 1065 414 poterunt.

55 411 272 478 Frumentum
291 413 392 478 abiis
411 417 627 498 sumpseritne
646 413 681 481 Ο.
691 415 821 501 Verres,
839 417 924 501 quod
942 420 1064 502 populo

56 501 208 566 Romano
232 501 387 586 mitteret,
409 501 505 567 sicuti
528 503 718 588 superiores.
759 503 944 591 Negabunt.
982 503 1065 580 Quid

56 590 203 655 militurn
217 592 274 654 aut
286 593 460 656 nautarum
473 612 531 676 per
548 591 724 657 triennium
742 592 896 658 dederint.
928 591 1065 659 Nullum

30 678 173 743 scarum
203 677 317 743 dicent.
361 677 474 744 Fuisse
495 677 680 746 Messanam
708 682 852 746 omnium
879 680 973 746 istius
1000 681 1066 747 fur·

55 771 169 832 torum
187 787 225 831 ac
242 766 434 851 praedarum
451 767 660 853 receptricem
678 790 798 855 negare
814 790 882 835 non
898 774 1066 855 poterunt3

56 855 223 939 permulta
241 854 353 920 multis
371 855 509 922 navibus
529 855 621 922 illinc
642 861 821 942 exportata,
843 858 926 924 hanc
949 880 1065 924 navem

57 943 197 1028 denique
220 943 394 1009 maximam
417 967 437 1009 a
456 941 660 1010 Mamertinis
683 945 794 1010 datam
817 949 969 1012 onustam
992 969 1065 1013 cum

56 1033 123 1097 isto
152 1031 332 1116 profectam
354 1031 552 1097 fatebuntur.
593 1030 697 1107 Quam
721 1033 763 1100 ob
786 1055 856 1100 rem
878 1034 940 1099 tibi
962 1033 1047 1104 habe
1067 1048 1115 1098 151

21 1125 138 1186 ¹⁰*aane
161 1119 260 1186 iatam
283 1118 502 1186 laudationem
522 1119 804 1206 Mamertinorum
828 1119 1064 1206 Syracusanam

57 1208 190 1294 quidem
221 1207 397 1292 civitatem,
429 1212 467 1274 ut
498 1209 557 1274 abs
586 1213 619 1274 te
647 1209 774 1275 adfecta
801 1213 865 1294 cst,
895 1211 944 1275 ita
970 1211 1004 1276 in
1030 1214 1064 1275 te

57 1295 331 1362 esse‘animatam
353 1295 513 1382 videmus,
536 1296 621 1382 apud
644 1319 725 1382 quos
748 1297 848 1364 etiam
865 1296 982 1364 Verria
1004 1299 1063 1364 illa

56 1385 225 1472 flagitiosa
251 1385 382 1450 sublata
408 1389 493 1450 sunt.
538 1384 670 1452 Etenim
698 1386 829 1452 minime
852 1387 1065 1452 conveniebat
1138 1445 1142 1452 .

58 1475 88 1539 ei
107 1473 241 1538 deornm
259 1473 398 1538 honores
417 1473 539 1558 haberi,
550 1543 552 1547 Α
563 1474 619 1559 qui
637 1474 813 1541 simulacra
834 1474 968 1540 deorum
992 1476 1064 1542 abs·

23 1577 45 1618 ¹⁵
58 1562 199 1628 tulisset.
243 1559 354 1626 Etiam
381 1561 511 1627 hercule
538 1561 620 1627 illud
646 1563 682 1628 in
709 1561 919 1647 Syracusanis
947 1565 1063 1630 merito

57 1649 360 1736 reprehenderetur,
395 1649 436 1734 si,
470 1671 543 1715 cnm
575 1650 660 1715 diem
691 1649 812 1717 festum
843 1652 993 1717 ludorum
1025 1652 1064 1716 de

57 1739 154 1804 fastis
174 1738 240 1802 suis
260 1737 469 1803 sustulissent
491 1737 736 1803 celeberrimum
759 1744 792 1804 et
815 1740 1064 1822 sanctissimum,

58 1825 146 1911 quod
178 1847 215 1891 eo
242 1826 314 1910 ipso
342 1825 393 1889 die
420 1823 597 1910 Syracusae
625 1849 644 1892 a
671 1825 825 1892 Marcello
853 1830 966 1911 captae
994 1848 1064 1892 esee

58 1916 222 1998 dicuntur,
253 1912 339 1978 idem
369 1913 454 1979 diem
483 1913 602 1980 festum
624 1913 737 1980 Verria
763 1914 893 1980 nomine
921 1919 1064 2000 agerent,

23 2017 133 2070 locum
165 2002 228 2068 iste
255 2024 274 2067 a
301 1999 526 2088 Syracusanis,
558 2024 639 2088 quaa
670 2003 727 2068 ille
759 2001 968 2069 calamitosus
996 2001 1064 2068 dies

57 2092 245 2176 reliquerat,
267 2090 449 2157 ademisset.
480 2091 529 2158 Ac
547 2091 653 2157 ridete
671 2090 1064 2178 hominis-impudentiam

59 2185 158 2265 atque
190 2178 427 2265 arrogantiam,
462 2178 596 2265 iudices,
629 2181 684 2266 qui
715 2202 781 2246 non
813 2181 920 2245 solum
946 2178 1064 2246 Verria

57 2269 139 2335 haee
153 2267 263 2351 turpia
277 2288 315 2332 ac
328 2267 465 2333 ridicula
482 2289 521 2332 ex
534 2266 679 2334 Heraclii
696 2269 832 2354 pecunia
850 2267 1064 2350 constituerit,

58 2377 172 2422 verum
204 2355 303 2420 etiam
330 2354 497 2422 Marcellia
528 2357 603 2422 tolli
633 2357 815 2440 imperarit,
846 2361 884 2422 ut
915 2358 946 2421 ei
973 2379 1065 2422 sacra

23 2459 46 2500 *ὁ
58 2444 204 2512 facerent
218 2444 401 2528 quotannis,
419 2444 509 2509 cuius
524 2465 622 2528 opera
636 2445 779 2509 omnium
796 2464 954 2508 annorum
973 2465 1065 2509 sacra

59 2531 201 2617 deosque
227 2531 352 2617 patrios
380 2531 571 2617 amiserant,
598 2532 665 2596 eius
694 2535 802 2598 autem
828 2531 973 2597 familiae
996 2531 1063 2596 dies

58 2622 161 2688 festos
182 2621 351 2706 tollerent,
372 2641 431 2705 per
454 2641 551 2706 quam
575 2623 698 2686 ceteros
722 2640 849 2708 quoque
870 2619 972 2685 festos
997 2619 1064 2686 dies

58 2713 297 2797 recuperarunt.
