2470 3936
321 149 428 205 nnav
461 148 538 204 cnr.
558 155 664 206 ιι-ιι
681 155 696 216 ι
715 156 828 206 ao-ss.
1008 149 1071 214 441

25 349 28 353 .
68 298 104 358 ut
136 293 184 358 rei
216 293 383 378 militaris,
414 296 452 359 ut
478 293 558 358 belli
586 294 782 359 mentionem
809 294 915 360 facere
943 294 1075 360 audeas!

68 381 315 468 Cognoseentur
343 382 428 446 enim
457 382 566 447 omnia
587 381 683 447 istius
707 404 782 447 aera
804 382 864 447 illa
886 387 1010 467 vetera,
1036 387 1074 448 ut

66 492 134 535 non
170 471 277 535 solum
312 470 348 534 in
378 470 528 552 imperio,
564 491 676 534 rerum
709 470 808 535 etiam
839 471 874 535 in
906 471 1074 556 stipendiis

69 558 176 642 qualis
213 557 313 623 fuerit
333 557 523 710 ‘intellegat
489 558 560 622 atis.
614 557 799 624 Renovabit
784 562 838 623 tur
875 559 982 643 prima
1017 559 1075 624 illa

480 667 537 711 oro
566 646 693 730 abduci,
720 647 1075 732 non,ut1pseprae

41 646 203 730 amilitia,
231 667 303 711 cum
330 645 393 710 iste
422 667 439 710 e

68 735 169 819 dicat,
210 733 341 819 perduci
378 734 519 818 solebat·
490 734 713 800 taleatoris
749 697 931 800 Plbcentini
968 740 1075 802 castra

68 823 463 907 commemorabuntur,
454 843 490 886 m
511 783 636 907 quibu's
672 845 745 889 cum
772 822 923 908 frequens
951 823 1076 910 fuisset,

68 916 181 978 tamen
196 932 269 975 aere
284 911 408 975 dirutus
424 915 487 994 est3
506 910 657 976 multa
629 931 697 976 erus
716 912 751 976 in
769 911 938 996 stipendiis
958 874 1076 979 damna'

67 999 288 1085 proferentur,
316 1020 398 1083 quae
425 1000 467 1064 ab
493 999 558 1065 isto
586 999 704 1064 aetatis
730 998 816 1064 fruct
802 1003 839 1063 tu
862 998 1075 1065 dissoluta
1042 1003 1075 1065 e

33 1107 57 1148 ιο
70 1090 282 1172 compensata
310 1091 393 1152 sunt.
433 1085 504 1152 Iam
531 1108 621 1172 vero,
650 1109 723 1153 cum
749 1087 784 1151 in
810 1087 879 1153 eius
906 1089 994 1153 modi
1020 1111 1076 1172 pa·
1094 1102 1129 1152 34

68 1175 188 1240 tientia
218 1175 429 1260 turpitudinis
462 1176 581 1260 aliena,
612 1197 679 1240 non
710 1196 769 1240 sua
798 1175 949 1241 satietate
978 1177 1076 1241 obdu·

69 1265 203 1348 ruisset,
231 1263 287 1347 qui
313 1263 363 1328 ιιι
385 1262 497 1347 fuerit,
470 1267 606 1347 tquot
627 1263 801 1348 praesidia,
829 1286 926 1348 quam
949 1264 1076 1330 munita

68 1351 202 1436 pudoris
231 1355 264 1416 et
290 1351 464 1435 pudicitiae
491 1351 524 1416 ri
549 1355 582 1415 et
606 1351 739 1416 audacia
758 1352 896 1453 ceperit,
921 1352 1022 1454 ..quid
1024 1375 1075 1418 me

70 1440 192 1505 attinet
211 1438 315 1504 dicere
333 1442 390 1504 cut
408 1439 602 1525 coniungere
621 1461 694 1504 curn
711 1439 806 1505 istius
824 1440 927 1526 flagit
919 1463 950 1506 10
974 1441 1076 1507 cuius·

35 1548 57 1588 15
70 1550 169 1613 quam
188 1531 357 1612 praeterea
375 1527 532 1592 dedecus?
568 1524 644 1593 Non
660 1527 788 1612 faciam,
810 1528 944 1613 iudices3
968 1530 1076 1594 omnia

69 1620 183 1682 vetera
211 1615 485 1700 praetermittam,
518 1615 581 1680 duo
609 1616 681 1681 sola
707 1617 848 1682 recentia
875 1617 944 1682 sine
972 1618 1075 1682 cuius·

71 1725 170 1790 quam
196 1703 332 1768 infamia
358 1725 491 1788 ponam,
519 1724 558 1767 ex
585 1703 702 1787 quibus
729 1705 852 1770 coniect
853 1726 945 1770 uram
970 1705 1077 1771 faeere

71 1793 109 1858 do
141 1792 291 1858 omnibus
320 1791 469 1877 possitis,
500 1813 600 1856 unum
627 1791 721 1875 illud,
754 1792 839 1875 quod
865 1793 913 1857 ita
940 1792 1004 1857 fuit
1029 1793 1076 1858 in·

70 1882 176 1947 lustra
207 1884 384 1963 notumque
417 1879 580 1964 omnibus,
611 1882 649 1943 ut
674 1900 770 1944 nemo
796 1883 866 1944 tam
892 1881 1076 1947 rusticanus

36 1970 171 2034 rohomo
189 1967 225 2033 L.
238 1967 375 2034 Lucullo
401 1970 459 2050 [et]
483 1967 525 2032 M.
545 1965 643 2033 Cotta
666 1967 852 2033 consulibus
875 1966 1013 2034 Romam
1037 1991 1077 2034 ex

70 2058 141 2123 ullo
173 2057 346 2140 municipio
379 2055 555 2123 vadimonii
582 2078 680 2122 eausa
705 2055 843 2140 venerit,
875 2056 952 2140 quin
980 2056 1076 2121 sciret

70 2147 144 2211 iura
163 2145 272 2210 omnia
289 2145 451 2228 praetoris
469 2145 586 2209 urbani
602 2149 685 2210 nutu
704 2148 801 2228 atque
820 2106 934 2209 arbit
892 2147 957 2209 ιιιο
972 2141 1077 2210 Cheli-

72 2234 166 2299 donis
199 2233 422 2298 meretriculae
455 2233 642 2317 gubernari,
661 2233 831 2334 alterum,
869 2232 968 2316 quod,
1003 2255 1077 2298 eum

71 2321 246 2407 paludatus
272 2320 391 2386 exisset
413 2324 553 2404 votaque
558 2342 635 2471 tpro
658 2320 795 2408 imperio
819 2342 878 2384 suo
901 2321 1076 2386 communi·

38 2427 59 2469 ι
72 2431 136 2512 que
153 2431 189 2474 re
206 2409 338 2494 publica
355 2413 581 2493 nuncupasset,
603 2411 701 2472 noctu
680 2408 825 2492 ustupri
843 2428 940 2472 causa
963 2408 1078 2474 lectica

71 2500 106 2563 in
133 2433 249 2563 urbepm
275 2496 443 2562 introferri
470 2496 587 2561 solitus
612 2498 662 2560 est
686 2495 727 2561 ad
749 2494 918 2560 mulierem
939 2499 1077 2580 nuptam

72 2587 142 2670 uni,
164 2585 367 2670 propositam
391 2583 540 2648 omnibus
564 2587 678 2648 contre
699 2583 764 2667 fas,
787 2585 901 2648 contra
924 2583 1076 2668 auspicia,

73 2678 188 2740 contra
210 2672 315 2737 omnis
339 2671 464 2736 divinas
487 2675 601 2756 atque
607 2671 765 2736 humanas
788 2670 970 2756 religiones.

139 2760 167 2828 Ο
196 2760 228 2824 di
254 2759 469 2825 immortalesl
503 2759 580 2844 quid
604 2759 740 2824 interest
725 2759 849 2824 tiuter
871 2761 961 2824 ment
962 2779 995 2823 es
946 2758 1077 2824 t-ho

37 2851 198 2915 ominum
226 2852 259 2914 et
286 2848 360 2933 cogi
360 2847 514 2912 tationes!
558 2847 612 2912 Ita
639 2848 719 2913 mihi
746 2869 852 2912 meam
874 2807 1130 2913 voluntatem3⁶

74 2958 229 3024 spemque
256 2935 400 3020 reliquae
425 2935 513 3002 vitae
533 2939 644 3001 vestra
665 2935 842 3020 populique
864 2933 1004 3000 Romani
1027 2955 1078 3000 ex·

72 3025 232 3092 istimatio
256 3024 458 3109 comprobet,
482 3027 520 3088 ut
543 3045 619 3110 ego,
642 3044 723 3108 quos
747 3023 851 3088 adhue
873 3022 954 3086 mihi
977 3023 1078 3108 magi-

73 3119 197 3181 stratus
229 3113 368 3214 populus
395 3111 561 3178 Romanus
594 3111 773 3195 mandavit,
806 3111 851 3175 sie
878 3131 932 3175 eos
961 3111 1078 3197 accepi,

72 3208 109 3268 ut
140 3224 194 3268 me
227 3201 371 3267 omnium
402 3199 582 3266 officiorum
614 3161 775 3284 obstringi
805 3198 963 3283 religione
992 3199 1079 3263 arbi-

38 3293 191 3358 utrarer!
237 3288 290 3354 Ita
318 3291 472 3373 quaestor
498 3310 570 3354 sum
596 3287 664 3354 fect
649 3289 780 3371 tutus,
742 3286 883 3351 utmihi
905 3286 1000 3351 illum
1022 3286 1079 3352 ho·

71 3401 185 3446 norem
204 3382 274 3443 tum
297 3397 363 3442 non
386 3377 490 3442 solum
515 3376 640 3460 datum,
664 3375 720 3440 sed
743 3374 841 3440 etiam
864 3375 1023 3439 creditum
1046 3379 1079 3439 et

73 3467 281 3534 commissum
299 3468 462 3550 putarem3
481 3463 526 3530 ric
545 3463 672 3530 obtinui
691 3484 789 3548 quaes
791 3466 899 3528 turam
917 3462 952 3526 ιιι
968 3459 1079 3528 Sicilia

1088 2730 1131 2794 14
