2470 3936
335 150 403 206 ΜΒ.
417 151 444 206 v
472 150 547 208 cAP.
566 157 654 208 a-ro
672 157 687 218 s
706 158 819 209 ro-as.
1012 154 1078 222 437

70 299 156 380 quot
190 298 223 360 et
255 299 377 380 quanta
409 295 487 379 sint,
523 295 636 361 deinde
668 295 747 363 haec
779 297 949 382 expendite
981 303 1079 384 atque

69 383 246 449 aestimate
269 384 418 469 pecunia3
444 384 612 468 reperietis
635 383 754 450 idcirco
776 385 857 451 haec
879 386 913 451 in
935 408 1000 452 uno
1022 387 1079 454 hc·

68 473 161 537 mine
188 473 360 556 pecunioso
388 475 440 537 tot
467 472 657 557 constituta,
684 477 722 537 ut
748 474 863 540 ceteris
888 474 1078 540 formidines

69 559 230 626 similium
258 560 536 662 incommodorum
550 565 673 663 ‘atque‘
689 563 837 648 exempla
860 563 1078 649 periculorum
1194 611 1198 618 ‚

39 653 283 821 ‘stultat
314 647 468 802 {till
495 650 1079 824 tttdtlttttptttttt

67 825 196 910 putetis
215 829 248 891 et
265 847 362 910 quam
379 825 502 890 multos
520 825 707 909 redemisss;
730 827 844 892 deinde
866 829 988 894 crimen
1010 828 1079 893 sine

69 916 273 1000 accusatore,
297 914 457 978 sententia
480 912 549 978 sine
572 914 721 999 consilio,
745 915 910 981 damnatio
935 916 1004 981 sine
1028 915 1078 981 de·

68 1001 233 1086 fensione3
265 1001 434 1068 aestimate
461 1000 579 1066 harum
606 1002 750 1068 omnium
776 1025 885 1069 rerum
911 1004 1018 1089 pretia
1046 1008 1079 1070 et

27 1113 55 1154 ιο
69 1091 217 1176 cogitate
230 1090 265 1154 in
278 1089 331 1154 his
344 1089 573 1174 iniquitatibus
586 1113 686 1156 unum
703 1091 847 1157 haesisse
856 1092 1079 1178 Apollonium,

69 1183 199 1245 ceteros
229 1177 377 1264 proiecto
409 1177 530 1243 multos
558 1199 597 1242 er
623 1178 675 1244 his
703 1179 915 1246 incommodis
941 1180 1079 1265 pecnnia

69 1289 106 1333 se
136 1266 308 1350 liberass03
339 1269 504 1351 postremo
530 1268 697 1351 tenebrae,
728 1267 848 1352 vincla,
879 1289 1000 1352 carcer,
1031 1269 1078 1333 in·

69 1355 200 1422 clusum
232 1354 426 1440 supplicium
458 1357 556 1438 atque
584 1376 603 1420 a
630 1360 804 1439 conspectu
829 1357 1013 1441 parentium
1041 1378 1078 1422 ac

69 1443 225 1528 liberum,
255 1442 390 1527 denique
419 1464 438 1507 a
465 1442 568 1508 libero
598 1443 715 1528 spiritu
743 1448 841 1529 atque
869 1467 889 1510 a
916 1445 1079 1511 communi

31 1553 56 1595 rs
70 1532 150 1598 luce·
168 1532 342 1616 seclusum3
366 1531 447 1597 hacc
469 1551 560 1615 vero,
583 1553 666 1616 quae
688 1531 740 1598 vel
763 1533 832 1598 vita
853 1533 969 1598 redimi
992 1537 1078 1599 recte

69 1623 241 1705 possunt,¹
256 1619 429 1685 aestimare
458 1618 596 1705 pecunia
622 1641 689 1685 non
716 1642 807 1705 queo.
852 1621 942 1686 Haec
970 1621 1132 1687 omnious

71 1729 147 1773 sero
165 1708 302 1773 redemit
316 1706 511 1792 Apollonius
529 1708 595 1772 iam
619 1729 764 1774 maerore
788 1731 825 1774 ac
848 1709 987 1774 miseriis
1009 1731 1079 1793 per·

71 1796 175 1880 ditus,
204 1796 259 1861 sed
286 1799 398 1861 tamen
425 1798 549 1860 ceteros
572 1795 682 1860 docuit
705 1799 780 1862 ante
802 1797 897 1860 istius
922 1797 1078 1876 avaritiae

71 1884 250 1968 scelerique
282 1905 462 1968 occurrere3
494 1883 557 1948 nisi
588 1905 665 1950 vero
693 1884 887 1950 existimatis
913 1883 1078 1950 hominem

32 1993 57 2035 so
69 1971 375 2058 pecuniosissimum
394 1971 462 2037 sine
486 1993 583 2038 causa
606 1975 759 2057 quaestus
783 1973 921 2038 electum
945 1972 986 2037 ad
1009 1977 1077 2039 tem

70 2059 261 2128 incredibile
292 2061 415 2126 crimen
446 2063 503 2126 aut
535 2061 603 2126 sine
636 2061 747 2136 eadem
778 2083 875 2131 causa
901 2065 1033 2147 repente
1061 2083 1078 2126 e

71 2171 201 2216 carcere
219 2149 383 2232 emissum,
405 2151 463 2214 aut
482 2148 545 2215 hoc
566 2148 743 2232 praedandi
766 2171 868 2236 genus
892 2150 933 2216 ab
956 2149 1022 2216 isto
1044 2150 1079 2214 in

70 2238 131 2303 illo
149 2258 224 2303 'uno
253 2236 435 2303 adhibitum
463 2259 500 2302 ac
523 2240 734 2324 temptatum,
761 2243 795 2304 et
816 2260 883 2304 non
904 2260 963 2323 per
985 2239 1079 2304 illurn

71 2325 224 2392 omnibus
264 2324 446 2412 pecuniosis
483 2322 599 2390 Siculis
640 2331 763 2392 metum
805 2327 1008 2412 propositum
1046 2329 1079 2392 et

34 2415 237 2480 asiniectum.
1090 2466 1132 2530 ,0

140 2500 243 2587 Cupio
271 2501 352 2566 mihi
379 2501 421 2566 ab
446 2500 532 2586 ipsc,
559 2499 693 2584 iudices,
721 2500 835 2585 subici,
864 2501 1016 2585 quoniam
1040 2501 1079 2566 de
1096 2542 1131 2592 25

71 2590 211 2658 militari
224 2589 292 2655 eius
312 2589 419 2677 gloria
438 2587 517 2673 dico,
537 2588 565 2653 si
584 2589 660 2673 quid
677 2588 764 2654 forte
782 2592 959 2674 praetereo.
991 2587 1078 2654 Nam

72 2678 155 2745 mihi
173 2677 284 2744 videor
301 2678 368 2743 iam
387 2676 425 2742 de
445 2676 594 2742 omnibus
612 2677 709 2742 rebus
732 2677 800 2742 eius
825 2677 927 2763 gestis
951 2675 1079 2762 dixisse,

72 2788 157 2852 quae
190 2766 319 2850 quidem
349 2766 390 2832 ad
416 2764 497 2830 belli
523 2765 737 2853 fugitivorum
764 2765 980 2851 suspicionem
1007 2788 1079 2849 per-

35 2856 228 2937 setinerent3
258 2858 343 2919 certe
371 2853 454 2919 nihil
477 2853 580 2919 sciens
603 2853 815 2940 praetermisi.
861 2852 999 2920 Habetis
1022 2853 1079 2919 ho·

71 2943 172 3008 minis
205 2942 354 3027 consilia,
391 2941 607 3028 diligentiam,
644 2942 863 3030 vigilantiam,
898 2940 1078 3008 custodiam

72 3030 355 3115 defensionemque
378 3030 571 3116 provinciae.
607 3027 741 3096 Summa
762 3029 841 3096 illuc
863 3030 1019 3114 pertinet,
1041 3034 1079 3096 ut

72 3119 197 3203 sciatis,
226 3119 377 3204 quoniam
405 3119 501 3204 plura
526 3139 645 3206 genera
668 3122 743 3183 sunt
765 3119 1012 3205 imperatorum,
1040 3140 1078 3183 ex

72 3229 136 3292 quo
165 3227 283 3293 genere
310 3207 373 3272 iste
401 3206 458 3290 sit,
484 3228 525 3272 ne
548 3207 603 3292 qui
626 3206 747 3271 diutius
769 3207 921 3271 intanta
943 3207 1079 3293 penuria

34 3312 58 3355 ss
72 3296 218 3363 virorum
244 3294 380 3360 fortium
407 3294 508 3361 talem
535 3295 766 3380 imperatorem
790 3295 941 3381 ignorare
964 3295 1078 3378 possit.

70 3382 148 3450 Non
176 3382 217 3449 ad
240 3381 275 3459 Q.
294 3382 428 3448 Maximi
457 3382 649 3467 sapientiam
677 3404 781 3468 neque
809 3381 850 3448 ed
872 3383 962 3448 illius
986 3404 1078 3468 supe·

71 3472 168 3539 rioris
192 3469 339 3545 Africani
370 3471 406 3535 in
437 3491 472 3535 re
502 3471 646 3557 gerunda
678 3470 877 3537 celeritatem
904 3492 1008 3556 neque
1037 3469 1078 3535 ad
