2402 3936
144 131 209 196 328
461 127 501 183 ΙΝ
521 126 550 183 O.
563 125 718 182 VERREM
735 125 815 182 Aer.
834 127 867 182 lL

144 273 360 355 decretorum,
392 271 583 338 iudiciorum
614 270 787 354 iniquitate
819 269 874 354 qui
903 269 967 336 boc
992 291 1057 336 non
1081 270 1143 336 iam

39 420 44 430 .
145 362 265 428 dudum
285 360 438 427 statuerit
459 381 496 425 ac
518 358 690 424 iudicarit?
731 357 842 426 Etiam
866 379 943 424 eane
966 358 1011 424 sit
1032 358 1144 443 aliquis

145 448 333 516 dissolutior
360 449 395 514 in
421 447 604 530 iudicando,
630 447 755 532 legum,
782 445 894 530 officii,
921 446 1147 531 reipublicae,

145 538 306 605 sociorum
326 540 424 621 atque
445 536 621 602 amicorum
642 533 884 620 neglegentior,
906 533 1006 618 quid?
1028 534 1058 599 is
1079 555 1148 618 poe·

146 627 230 692 sitne
251 625 290 690 de
312 624 407 689 istius
430 623 641 709 improbitate
665 622 827 706 dubitare,
849 643 924 686 cum
945 625 1042 688 tanta
1062 623 1174 688 lucra⁵

144 715 241 797 facta,
263 716 334 778 tam
351 712 479 796 iniquas
497 711 663 798 pactiones
683 710 718 775 vi
741 713 774 776 et
797 713 887 775 metu
909 731 1081 794 expressas
1103 731 1150 776 eo

145 800 304 889 gnoverit,
322 821 395 865 cnm
409 803 503 865 tanta
517 799 661 884 praemia
673 797 824 864 civitates
838 797 872 862 vi
890 801 989 882 atque
1006 798 1151 883 imperio,

145 889 312 976 virgarum
342 909 380 952 ac
407 886 523 953 mortis
550 890 640 952 metu
665 907 733 951 non
759 885 856 951 modo
880 884 1029 970 Apronio
1057 890 1150 970 atque

145 978 214 1042 eius
226 976 397 1059 similibus,
408 997 520 1040 verum
531 973 784 1040 etiamVeneriis
797 973 899 1038 servis
912 973 989 1039 dare
1001 974 1151 1039 coactas?

92 1078 145 1129 144
163 1065 287 1142 Quodsi
301 1064 373 1149 quis
387 1063 549 1130 sociorum
562 1061 775 1129 incommodis
795 1062 903 1126 minas
922 1066 1152 1144 commovetur,
1165 1075 1188 1114 1⁰

146 1153 175 1219 si
193 1174 289 1238 quem
307 1156 474 1218 aratorum
491 1151 599 1238 fugae,
617 1150 830 1233 calamitates,
850 1149 958 1232 exilia,
980 1149 1153 1234 suspendia

146 1241 282 1326 denique
309 1261 376 1307 non
401 1243 605 1326 permovent,
631 1259 698 1304 non
724 1259 859 1323 possum
884 1237 1050 1322 dubitare,
1077 1237 1153 1322 quin

144 1331 174 1395 is
201 1333 324 1412 tamen,
354 1350 427 1394 cum
452 1331 617 1394 vastatam
644 1324 802 1410 Siciliam,
828 1325 962 1392 relictos
990 1345 1090 1412 agros
1118 1349 1153 1390 ex

145 1417 315 1482 civitatum
332 1416 452 1481 litteris
472 1419 505 1482 et
527 1435 567 1480 ex
588 1415 731 1500 epistula
752 1413 788 1480 L.
806 1413 933 1478 Metelli
955 1415 1154 1500 cognoverit,

146 1507 272 1569 statuat
302 1503 373 1568 fieri
400 1525 466 1569 non
493 1524 601 1588 posse,
631 1506 669 1567 nt
696 1502 736 1567 de
762 1503 828 1566 isto
854 1522 922 1567 non
949 1502 1197 1568 severissimam

72 1608 76 1618 ·
143 1591 310 1657 indicetur.
355 1590 430 1658 Erit
457 1591 575 1676 aliquis
603 1591 716 1674 etiam,
744 1590 798 1675 qui
826 1589 1043 1655 haecomnia
1064 1590 1154 1656 dissi-
1196 1589 1197 1650 ζ

144 1680 270 1746 mulera
302 1699 339 1745 ac
370 1680 544 1771 neglegere
575 1679 694 1764 possit3
728 1676 826 1743 attuli
858 1677 1051 1761 sponsiones
1082 1679 1154 1763 ipso

144 1771 314 1855 praesente
332 1766 437 1833 factae
456 1768 495 1832 de
514 1767 722 1832 decumarum
743 1767 899 1832 societate
922 1765 964 1830 ab
988 1766 1061 1850 ipso
1082 1787 1155 1851 pro

144 1857 267 1922 hibitas
286 1854 435 1939 iudicari3
455 1855 533 1940 quid
551 1859 610 1938 est,
633 1853 720 1939 quod
737 1853 843 1938 possit
861 1853 1037 1938 quiequam
1055 1855 1154 1918 mani·

144 1944 260 2010 festius
279 1943 342 2008 hoc
364 1943 568 2008 desiderare?
607 1941 689 2007 Non·
705 1941 829 2026 dubito,
852 1941 933 2026 quin
954 1941 1050 2008 vobis
1073 1942 1188 2007 seusa

144 2031 285 2114 fecerim,
304 2029 440 2114 iudices3
461 2051 574 2095 verum
592 2033 703 2096 tamen
720 2029 911 2116 progrediar
929 2030 1072 2116 longius,
1089 2051 1155 2096 non

145 2117 306 2183 mehercle
338 2137 402 2200 quo
434 2117 527 2182 vobis
552 2117 658 2202 magis
686 2119 748 2184 hoe
775 2117 1023 2203 persuadeatur,
1057 2139 1155 2202 quam

143 2206 211 2270 iam
241 2225 431 2289 persuasum
446 2221 448 2234 ·
463 2225 533 2268 esse
564 2205 704 2290 confido,
736 2206 793 2272 sed
823 2209 861 2271 nt
889 2205 947 2272 ille
978 2206 1154 2291 aliqnando

143 2291 363 2376 impudentiae
393 2312 470 2358 snae
496 2292 594 2358 finem
621 2292 734 2377 faciat,
762 2294 937 2378 aliquando
965 2293 1095 2360 desinat
1118 2316 1154 2360 ea

145 2401 179 2445 se
202 2379 368 2464 postulare
391 2401 506 2465 emere,
530 2403 612 2465 quaa
634 2380 704 2466 ipse
727 2403 855 2466 semper
876 2381 994 2446 habuit
1017 2383 1186 2466 sonabas

144 2468 255 2552 fidem,
281 2467 332 2534 ius
354 2467 540 2552 iurandum,
563 2470 748 2555 veritatem,
771 2469 927 2553 officium,
950 2470 1153 2556 religionem,

145 2557 295 2622 desinant
332 2557 428 2622 amici
460 2557 530 2622 eius
564 2579 603 2622 ea
634 2557 797 2642 dictitare,
833 2579 917 2641 qaae
949 2557 1153 2641 detrimento,

145 2645 300 2726 maculae,
318 2643 469 2729 invidiae,
485 2645 638 2711 msamiae
651 2645 747 2711 nobie
762 2645 913 2711 omnibus
928 2666 1000 2711 esse
1017 2647 1152 2730 possint

92 2735 143 2785 145
162 2733 209 2798 At
227 2731 283 2818 qui
301 2732 409 2799 amicit
450 2737 475 2797 Ο
494 2733 657 2817 miserum,
680 2732 913 2800 oinvidiosum
932 2734 1153 2819 offensumque

144 2840 321 2906 paucorum
335 2821 431 2906 culpa
445 2824 543 2906 atque
560 2821 755 2907 indignitate
774 2822 920 2887 ordinem
940 2823 1152 2888 senatorium!
1163 2838 1196 2878 ὀι

144 2907 266 2975 Albam
285 2906 462 2974 Aemilium
490 2909 654 2975 sedentem
681 2909 715 2975 in
739 2909 887 2976 faucibus
911 2911 1041 2976 macelli
1064 2911 1152 2994 loqui
1195 2909 1196 2998 l

144 2997 255 3080 palam
281 2995 396 3062 vicisse
414 2995 564 3080 Verrem,
592 3001 719 3082 emptos
746 2998 866 3063 habere
888 2997 1025 3083 iudices,
1053 2999 1152 3064 alium

144 3080 200 3147 HS
222 3084 324 3168 δῖᾱᾱ,
353 3085 454 3150 alium
475 3082 531 3148 HS
554 3087 595 3168 B,
623 3106 718 3169 quem
745 3087 893 3170 minimo,
921 3087 1000 3152 b‘c'dl
1043 3087 1150 3170 Atque

145 3170 175 3235 ei
194 3192 266 3236 eum
286 3193 477 3257 responsum
496 3175 582 3238 esset
600 3173 670 3237 fieri
686 3194 754 3239 non
776 3195 882 3260 posse,
905 3174 1028 3240 multos
1051 3178 1149 3239 testes

144 3279 215 3321 esse
245 3258 402 3342 dicturos,
434 3283 485 3325 me
515 3265 684 3345 praeterea
713 3283 828 3327 causae
858 3283 927 3328 non
958 3261 1183 3344 defuturum,³⁵

144 3342 269 3408 ‘Licet
294 3345 452 3430 hercle’,
478 3348 599 3432 inquit,
627 3347 772 3414 ‘omnes
797 3349 924 3415 omnia
947 3350 1090 3434 dicant,
1111 3350 1148 3412 in

142 3427 229 3506 illo,
267 3430 344 3494 nisi
380 3453 441 3497 res
482 3435 692 3514 manifesta
728 3437 803 3502 erit
830 3436 897 3502 'ita
938 3438 1074 3521 allata,
1108 3439 1148 3500 nt
