2422 3952
151 149 196 215 24
416 145 489 202 PRO
507 146 537 204 P.
557 144 729 212 QUINOTIO
748 144 892 202 ORATIO.

151 293 297 360 monium
323 290 405 356 mihi
431 289 586 374 deseruit,
613 311 665 354 me
690 289 870 372 fraudavit,
896 311 918 354 a
944 312 997 355 me
1019 293 1179 358 nominis
1202 307 1203 384 l

151 383 234 468 eius,
261 380 348 465 qnod
370 379 530 444 infitiatus
554 383 653 462 esset,
676 377 761 443 diem
782 378 915 462 petivit3
937 399 1000 464 ego
1025 381 1179 465 experiri

151 492 217 537 non
248 469 355 555 potui,
390 467 550 551 latitavit,
584 469 828 552 procuratorem
859 466 988 532 nullum
1020 469 1180 552 reliquit

151 558 277 625 Horum
295 556 378 622 nihil
397 555 523 620 dicitur.
560 554 721 620 Parentur
739 559 849 636 testes,
868 555 924 638 qui
942 554 1026 620 baec
1044 554 1179 624 dicant.

151 646 283 730 Verum,
301 644 426 729 opinor,
443 643 627 726 viderimus,
646 663 720 708 cum
738 643 887 708 dixerint.
920 641 1033 708 Unum
1052 649 1179 712 tamen

150 735 213 801 hoc
230 731 390 818 cogitent,
412 731 461 796 ita
483 751 517 795 se
541 753 657 817 graves
681 731 764 814 esse,
787 734 838 814 ut,
861 731 889 795 si
911 732 1093 798 veritatem
1119 757 1179 799 vo

151 823 221 888 lent
251 820 403 904 retinere,
440 819 635 905 gravitatem
667 819 797 905 possint
827 819 990 902 obtinere3
1029 821 1059 885 si
1096 843 1177 887 eam

150 911 338 996 neglegere,
366 907 427 989 [ita
453 908 541 972 leves
564 908 657 992 sint,]
681 912 718 972 ut
742 928 854 973 omnes
876 907 1081 994 intellegant
1105 933 1178 976 non

152 997 193 1064 ad
211 996 422 1063 obtinendum
443 996 655 1074 mendacium,
677 995 733 1060 sed
756 995 797 1061 ad
819 1017 932 1062 verum
954 991 1176 1081 probandum

152 1086 382 1153 auctoritatem
406 1084 567 1150 adiurare.
1190 1109 1199 1144 1

99 1145 142 1274 ἓξ
218 1173 291 1259 Ego
316 1173 396 1239 haec
423 1173 487 1239 duo
514 1191 648 1256 quaero,
674 1171 816 1258 primum
839 1193 904 1256 qua
926 1173 1056 1240 ratione
1083 1171 1175 1240 Nae-

151 1261 223 1327 vius
258 1266 444 1347 susceptum
475 1261 645 1346 negotium
675 1281 742 1326 non
772 1260 985 1346 transegerit,
1017 1261 1085 1327 hoe
1121 1269 1177 1328 est

152 1371 208 1416 cur
230 1349 329 1433 bona,
357 1369 440 1433 quae
463 1369 502 1412 ex
525 1348 630 1413 edicto
653 1348 854 1433 possidebat,
881 1369 947 1413 non
969 1349 1175 1435 vendiderit,

151 1438 265 1503 deinde
284 1458 341 1503 cur
359 1457 397 1500 ex
415 1439 467 1502 tot
485 1436 699 1501 oreditoribus
719 1437 803 1502 alius
821 1437 862 1501 ad
881 1436 979 1502 istam
999 1439 1174 1504 rationem

150 1545 246 1591 nemo
275 1522 461 1602 arcesserit,
488 1526 526 1588 ut
552 1525 734 1591 necessario
758 1523 931 1590 confiteare
958 1545 1065 1609 neque
1098 1533 1199 1593 tam1

150 1611 359 1678 temerarium
395 1633 590 1695 quemquam
622 1611 736 1696 fuisse,
771 1634 874 1696 neque
909 1617 942 1677 te
976 1613 1092 1698 ipsum
1130 1611 1174 1700 id',

153 1700 239 1785 quod
256 1699 445 1785 turpissime
465 1697 669 1784 suscepisses,
691 1721 898 1788 perseverare
921 1705 955 1766 et
976 1703 1172 1789 transigere
1202 1711 1203 1798 l

151 1788 305 1876 potuisse.
346 1786 443 1871 Quid,
466 1788 494 1852 si
512 1791 550 1854 tu
569 1788 652 1873 ipse,
675 1785 746 1854 Sex.
764 1787 880 1871 Naevi,
904 1789 1053 1855 statuisti
1077 1793 1174 1858 bona
1202 1799 1203 1855 l

151 1877 186 1943 P.
201 1874 329 1954 Quincti
349 1898 387 1942 ex
406 1876 510 1942 edicto
528 1897 680 1961 possessa
697 1897 763 1942 non
781 1877 874 1942 esse?
910 1875 1045 1962 Opinor,
1067 1884 1172 1946 tuum
1202 1861 1203 1934 i

151 1965 389 2047 testimonium,
412 1964 497 2048 quod
519 1963 554 2032 in
577 1965 683 2030 aliena
705 1985 741 2029 rc
763 1964 834 2030 leue
856 1970 955 2048 esset,
979 1965 1071 2030 irin
1097 1935 1203 2122 τομή

153 2054 306 2137 quoniam
320 2055 433 2117 contra
446 2055 479 2116 te
494 2055 553 2132 est,
572 2052 800 2137 gravissimum
815 2052 910 2118 debet
928 2075 1008 2118 esse.
1039 2054 1172 2122 Emisti

151 2141 238 2204 bona
265 2137 336 2203 Sex.
352 2137 465 2203 Alfeni
485 2135 521 2202 L.
540 2135 632 2204 Sulla
656 2141 813 2206 dictatore
835 2141 1009 2226 vendente3
1037 2146 1172 2210 socium

151 2226 214 2292 tibi
231 2226 265 2290 in
287 2225 339 2290 his
363 2226 457 2291 bonis
482 2225 610 2292 edidisti
630 2227 824 2304 Quinctium.
864 2228 967 2296 Plura
988 2252 1057 2294 non
1080 2233 1170 2299 dico.
1202 2239 1203 2318 i

152 2312 234 2380 Oum
263 2332 300 2378 eo
323 2318 360 2378 tu
383 2313 601 2380 voluntariam
625 2317 814 2381 societatem
837 2317 961 2402 coibas,
991 2319 1047 2401 qui
1071 2324 1110 2384 te
1135 2322 1171 2386 in
1202 2343 1203 2350 ¹

151 2401 349 2467 hereditaria
381 2401 535 2470 societate
565 2403 747 2486 fraudaret,
780 2408 816 2469 et
846 2426 919 2471 eum
950 2405 1070 2472 iudicio
1105 2355 1203 2502 tuoni

152 2490 397 2574 comprobabas,
416 2512 511 2574 quem
530 2491 706 2576 spoliatum
726 2492 816 2558 fama
833 2492 1040 2578 fortunisque
1059 2499 1170 2562 omni-
1202 2511 1203 2558 ῑ

151 2578 212 2644 bus
237 2577 462 2645 arbitrabare?
1202 2599 1203 2658 3

99 2669 132 2720 *1⁷
217 2665 415 2732 Diffidebam
434 2667 625 2751 mehercule,
648 2664 682 2734 0.
697 2666 818 2752 Aquili,
841 2669 923 2733 satia
942 2668 1050 2734 animo
1071 2677 1168 2738 certo

152 2758 185 2820 et
212 2755 403 2821 confirmato
426 2775 477 2819 me
499 2776 595 2840 posse
617 2754 652 2820 in
674 2755 737 2821 hac
759 2777 857 2822 causa
880 2757 1066 2823 consistere.
1110 2759 1168 2828 Sic

151 2843 351 2930 cogitabam,
378 2865 451 2909 cum
474 2843 754 2909 contradicturus
777 2849 864 2909 esset
886 2843 1097 2930 Hortensius,
1131 2833 1203 2932 etad

150 2951 223 2996 curn
258 2954 308 2997 me
336 2935 423 2997 esset
450 2935 575 2996 attente
603 2931 770 2998 auditurus
797 2932 981 3018 Philippus,
1013 2933 1084 2999 fore
1112 2939 1167 3002 nti
1202 2957 1203 2968 ¹

150 3020 322 3102 permultis
348 3019 383 3084 in
405 3018 502 3084 rebus
524 3019 642 3085 timore
665 3020 861 3104 prolaberer.
902 3021 1061 3088 Dicebam
1084 3023 1166 3091 huic

152 3103 187 3180 Q.
206 3105 334 3184 Roscio,
358 3107 448 3172 cuius
468 3128 560 3172 soror
578 3111 628 3172 est
649 3129 722 3173 cum
740 3107 776 3172 P.
790 3107 951 3194 Quinctio,
974 3131 1047 3175 cum
1065 3134 1087 3176 a
1109 3135 1165 3178 me
1202 3111 1203 3174 Ϊ

149 3195 276 3279 peteret
303 3197 336 3258 et
364 3216 489 3260 summe
516 3195 736 3278 contenderet,
763 3199 801 3260 ut
822 3197 1041 3285 propinquum
1065 3221 1164 3266 suum
1202 3207 1203 3218 ¹

151 3280 364 3365 defenderem,
381 3283 462 3346 mihi
479 3283 669 3367 perdifficile
688 3304 758 3350 esse
777 3288 891 3350 eontra
908 3285 993 3350 tales
1012 3292 1163 3354 oratores
1176 3283 1203 3364 eal

150 3389 217 3433 non
230 3368 327 3433 modo
341 3372 469 3434 tantam
483 3392 613 3436 causam
627 3392 789 3456 perorare,
806 3372 863 3438 sed
877 3374 1008 3440 omnino
1023 3377 1162 3442 verbum

149 3455 255 3520 facere
274 3455 392 3520 conari.
428 3455 511 3520 Oum
529 3460 675 3546 cupidius
693 3459 841 3541 instaret,
859 3461 984 3526 homini
1002 3483 1063 3548 pro
1082 3467 1163 3528 ami·
