2392 3944
154 165 220 229 184
450 162 490 218 ΙΝ
509 163 540 219 G.
557 160 712 216 VERREM
730 159 809 217 ACT.
827 159 863 218 11.

154 305 265 372 Sicilia
278 307 318 372 de
331 306 551 372 hereditatum
562 304 824 390 possessionibus
838 303 951 372 dandis
959 303 1061 370 edixit
1068 303 1157 387 idem,

154 395 240 480 qued
284 417 397 461 omnes
436 395 561 460 Romae
600 397 730 478 praeter
770 393 880 460 istum.
937 389 993 458 Ex
1033 409 1156 458 umcso

172 481 369 550 Srcumssr.
414 481 451 548 Ss
472 501 520 548 00
543 498 770 547 meursius
792 493 989 546 sumemus
1024 515 1075 544 -.

99 551 143 616 46
220 573 285 655 Ae,
310 593 369 657 per
396 571 473 636 deos
495 570 712 636 immortales!
740 568 903 653 quidest,
931 567 1018 652 quod
1042 568 1081 636 de
1105 567 1159 632 hee

102 628 152 677 ¹¹⁸
172 660 236 726 ue
256 659 385 745 possit?
411 658 536 724 uerum
559 659 645 724 enim
672 657 739 722 iam
766 677 887 741 susem
916 656 978 724 aes
1001 659 1049 739 a,
1081 656 1179 721 ⁸³⁰¹¹l⁵

153 748 250 814 mode
272 747 388 811 inille
411 747 518 832 eapite
541 747 693 812 Anniano
717 743 756 810 de
778 745 952 810 mulierum
974 743 1159 810 hereditati-

153 837 229 919 bus,
256 835 399 902 nuncin
420 835 483 900 hee
506 836 545 900 de
567 834 785 900 hereditatum
807 832 1082 918 possessionibus,
1111 853 1159 897 eur

153 946 192 988 ea
218 924 327 1008 eapita
352 923 388 988 iu
415 923 556 988 edietum
581 922 780 1008 provinciale
807 920 987 986 transferre
1013 920 1159 986 uolueris.

152 1010 273 1077 Utrum
290 1011 455 1098 digniores
472 1011 621 1077 homiues
639 1009 835 1078 existimasti
853 1031 917 1092 eos,
941 1009 1000 1093 qui
1013 1009 1160 1076 hubitant

152 1101 187 1165 iu
209 1101 389 1186 provincia,
412 1121 510 1184 quam
531 1121 606 1181 uos,
628 1099 684 1183 qui
707 1119 810 1182 aequo
832 1098 903 1164 iure
924 1101 1101 1178 uteremur,
1123 1111 1188 1160 ans

153 1189 242 1255 aliud
258 1188 383 1254 Romae
405 1209 544 1272 aequum
567 1191 626 1270 est,
649 1186 738 1252 aliud
760 1187 795 1252 iu
813 1183 946 1252 Sicilia?
984 1183 1062 1252 Non
1079 1186 1158 1250 enim

151 1277 214 1341 hoe
244 1281 356 1361 potest
386 1276 449 1343 hee
480 1277 552 1342 loeo
585 1275 661 1358 diei,
691 1275 797 1340 multa
828 1295 899 1340 esse
926 1273 962 1338 in
989 1273 1158 1359 provinciis

153 1364 251 1430 aliter
272 1364 436 1447 edicenda3
463 1385 532 1430 non
553 1363 592 1428 de
614 1363 832 1428 hereditatum
855 1361 987 1446 quidem
1009 1361 1158 1446 possessi·

152 1452 279 1536 onibus,
300 1474 368 1518 nou
389 1451 428 1516 de
447 1452 620 1518 mulierum
638 1450 883 1518 hereditatibus.
918 1447 1008 1516 Nam
1025 1453 1158 1532 utroque

153 1558 269 1624 genere
291 1538 385 1603 video
407 1561 473 1604 uon
495 1539 593 1605 medo
616 1543 750 1622 eeteros,
773 1538 830 1604 sed
847 1543 881 1604 te
897 1538 1008 1622 ipsum
1026 1537 1187 1604 eoduma

151 1627 258 1690 verbis
281 1626 428 1711 edixisse,
451 1628 662 1710 quet-verbis
683 1627 767 1692 edici
789 1626 912 1692 Romae
936 1626 1030 1694 solet.
1074 1623 1158 1700 Quae
1191 1707 1192 1710 Ἴ

152 1713 275 1781 Romae
302 1735 423 1802 magna
452 1736 526 1781 eum
553 1715 689 1781 infamia
715 1715 822 1801 pretio
849 1718 983 1799 accepte
1011 1713 1158 1794 seueras

152 1825 191 1869 ea
218 1805 289 1870 sola
309 1808 357 1889 te,
388 1824 429 1870 ne
456 1803 561 1890 gratis
586 1804 629 1868 in.
648 1803 816 1889 provincia
841 1803 926 1870 male
954 1802 1095 1884 audires,
1123 1822 1158 1866 er

153 1892 258 1959 edicto
280 1891 442 1960 Siciliensi
464 1892 636 1958 sustulisse
658 1891 760 1958 video.

100 1993 151 2043 ue
218 1981 264 2047 Et
296 2003 370 2047 eum
402 1981 541 2047 edietum
573 1985 681 2046 totum
713 2001 826 2046 eorum
849 1979 1034 2062 arbitratu,
1066 1991 1188 2061 quam!

156 2070 212 2134 diu
233 2069 298 2134 fuit
325 2069 529 2157 designatus,
554 2071 777 2153 componeret,
804 2067 860 2152 qui
886 2067 928 2134 ab
955 2067 1021 2134 iste
1048 2066 1097 2134 ius
1122 2064 1159 2130 ad

152 2157 330 2221 utilitatem
353 2178 446 2222 suam
468 2157 733 2239 nundinarentur,
753 2160 826 2222 tum
844 2177 921 2222 vero
939 2155 975 2222 in
993 2154 1157 2240 magistra·
1194 2157 1195 2160 ’

152 2249 190 2310 tu
204 2247 318 2309 eontra
332 2244 415 2309 illud
431 2245 540 2330 ipsum
559 2245 699 2310 edietum
717 2265 812 2310 suum
831 2244 899 2310 siue
918 2243 988 2310 ulla
1006 2242 1156 2328 religione

153 2332 354 2398 decernebat.
404 2331 519 2417 Itaque
545 2333 581 2399 L.
606 2333 683 2398 Piso
711 2332 835 2398 multos
862 2331 987 2398 eodiees
1015 2329 1156 2416 implevit

154 2441 264 2486 earum
278 2441 395 2504 rerum,
414 2422 580 2505 inquibus
599 2422 648 2486 ita
664 2421 858 2504 intercessit,
877 2420 964 2504 quod
982 2420 1046 2484 iste
1058 2418 1155 2498 aliter,
1167 2429 1195 2484 ὅ,

154 2512 251 2592 atque
278 2511 316 2572 ut
339 2509 497 2593 edixerat,
525 2509 732 2594 decrevisset3
758 2507 844 2593 quod
866 2529 925 2574 ves
948 2507 1070 2574 oblitos
1091 2524 1156 2570 esse

152 2618 218 2662 non
245 2596 401 2682 arbitror,
432 2613 515 2682 quae
545 2597 736 2681 multitude,
767 2598 823 2681 qui
855 2596 934 2662 ordo
967 2596 1010 2661 ad
1036 2593 1155 2660 Pisonis

154 2686 269 2750 sellam
291 2685 357 2749 iste
379 2690 531 2770 praetore
554 2686 672 2750 solitus
693 2685 739 2750 sit
765 2685 949 2766 eonveuir03
978 2706 1073 2768 quem
1097 2682 1154 2746 iste
1194 2747 1195 2754 ,

153 2773 315 2860 collegam
341 2772 405 2838 nisi
427 2774 610 2857 habuisset,
640 2773 803 2858 lapidibus
825 2775 998 2857 coopertus
1021 2769 1154 2838 essetis

152 2861 234 2925 foro.
274 2859 338 2927 Sed
360 2883 398 2926 eo
422 2861 560 2927 leviores
582 2861 677 2927 istius
697 2860 834 2926 iniuriae
853 2860 1056 2944 videbantur,
1077 2854 1153 2942 qued
1165 2869 1189 2910 ³⁹

154 2951 225 3013 erat
251 2949 286 3014 iu
314 2949 478 3034 aequitate
504 2948 739 3034 prudentiaque
761 2947 890 3015 Pisonis
919 2948 1152 3033 paratissimum

153 3035 347 3121 perfugium,
370 3059 434 3121 quo
457 3037 527 3102 sine
549 3037 672 3120 labore,
695 3037 764 3102 siue
781 3036 942 3120 molestie,
965 3037 1036 3102 sine
1053 3037 1152 3120 inpos

102 3138 153 3190 120
171 3141 218 3203 00,
232 3123 332 3188 etiam
341 3125 410 3190 siue
419 3128 559 3210 petrone
569 3124 717 3191 homines
726 3129 903 3191 uterentur.
924 3123 1022 3209 Nam,
1036 3140 1152 3210 quaeso,
1194 3185 1195 3210 ,

153 3207 256 3273 redite
274 3209 309 3273 in
326 3213 525 3296 memoriam,
548 3213 678 3297 iudices,
701 3235 783 3297 quae
801 3213 903 3279 libido
921 3213 1017 3279 istius
1040 3214 1073 3280 in
1093 3211 1151 3279 iure
1194 3273 1195 3290 ,

153 3295 291 3393 dicundo
312 3297 420 3382 fuerit,
443 3321 525 3383 quae
547 3300 689 3366 varietas
713 3301 925 3385 decretorum,
947 3322 1030 3385 quae
1052 3294 1149 3366 nundi
1163 3297 1195 3370 ³⁵]

152 3383 253 3477 nette,
276 3405 374 3464 quam
395 3386 509 3451 inanes
527 3387 642 3452 demus
661 3410 774 3454 eorum
792 3389 946 3471 omnium,
967 3389 1024 3472 qui
1043 3388 1081 3454 de
1092 3386 1149 3452 iere

152 3464 385 3533 ervd1eonsuli
404 3471 520 3555 solent,
545 3484 643 3556 quam
661 3476 761 3560 plena
777 3497 816 3542 00
828 3475 950 3542 referta
964 3471 1149 3548 chelidonis
