2470 3936
318 172 385 228 LIB.
400 172 425 228 V
458 173 536 231 CAP.
556 181 659 232 16-18
678 182 693 242 ᾗ
713 183 825 232 41-47.
1008 179 1075 243 445

58 320 164 384 erant
190 316 376 383 carissimae
404 319 605 403 maximeque
633 341 706 386 eum
732 321 945 387 delectabant.
991 321 1074 388 Eam

57 426 187 472 navem
213 427 317 490 nuper
344 410 473 491 egomet
500 406 567 472 vidi
584 406 697 472 Veliae
724 409 883 493 multique
909 409 966 474 alii
989 411 1075 477 vide·

58 497 146 560 runt
165 493 417 577 pulcherrimam
437 499 533 579 atque
552 495 804 582 ornatissimum,
821 497 951 564 iudices.
984 498 1074 576 Quae

59 581 200 666 quidem
215 583 373 666 omnibus,
388 583 443 667 qui
458 605 529 649 eam
543 585 767 669 adspexerant,
784 590 992 671 prospectare
1005 588 1072 653 iam

30 670 203 736 auxilium
217 673 313 755 atque
328 671 496 757 explorare
509 671 623 756 fugam
638 673 761 739 domini
778 673 957 740 videbatur.
989 673 1073 751 Quid
1084 647 1127 774 14}

60 759 151 824 mihi
167 759 229 825 hoc
247 759 319 825 loco
337 760 569 844 respondebis?
591 761 655 825 nisi
674 762 758 827 forte
770 761 818 850 ¹id,
838 762 923 847 quod
941 764 1075 829 tametsi

60 847 203 932 probari
233 847 324 914 nullo
357 848 452 914 modo
483 851 607 934 potest,
640 852 751 915 tamen
782 850 845 916 dici
877 851 1007 937 quidem
1039 853 1075 917 in

61 935 188 1002 iudicio
206 935 246 1000 de
267 935 411 1020 pecuniis
435 936 622 1021 repetundis
644 957 774 1002 necesse
797 942 857 1022 est,
880 940 919 1005 de
941 943 1000 1006 tua
1022 962 1075 1026 pe·

62 1023 165 1092 cunia
179 1022 381 1090 aedificatam
395 1045 465 1090 esse
480 1047 605 1090 navem.
632 1024 725 1090 Aude
744 1026 806 1092 hoc
823 1027 941 1093 saltem
960 1028 1074 1113 dicere,

22 1135 50 1176 ιο
64 1112 156 1197 quod
175 1133 304 1180 necesse
323 1115 386 1195 est3
404 1113 474 1178 noli
491 1116 643 1198 metuere,
663 1112 829 1200 Hortensi,
851 1137 892 1180 ne
911 1137 1075 1199 quaeram,

64 1201 123 1286 qui
152 1201 280 1266 licuerit
308 1201 475 1266 aedificare
497 1223 615 1268 navem
637 1202 794 1285 senatori;
822 1203 974 1288 antiquae
997 1209 1074 1270 sunt

63 1290 153 1354 istae
185 1289 274 1374 leges
307 1293 338 1354 ct
370 1293 531 1373 mortuae,
563 1311 659 1374 quem
690 1290 731 1356 ad
763 1291 894 1356 modum
924 1295 962 1357 tu
988 1293 1074 1358 soles

65 1377 189 1461 dicere,
217 1399 299 1461 quae
325 1381 447 1442 vetent.
487 1377 564 1443 Fuit
588 1378 654 1442 ista
675 1398 727 1443 res
749 1379 881 1464 publica
903 1380 1075 1466 quondam,

64 1465 132 1530 fuit
151 1465 217 1530 ista
239 1465 396 1532 severitas
418 1466 454 1531 in
475 1465 611 1550 iudiciis,
632 1470 671 1531 ut
692 1467 792 1532 istam
814 1489 883 1533 rem
907 1474 1075 1535 accusator

29 1575 53 1616 n
66 1554 102 1618 in
121 1553 252 1639 magnis
270 1553 459 1620 criminibus
483 1554 683 1620 obiciendam
706 1559 845 1640 putaret.
882 1555 966 1632 Quid
989 1557 1076 1623 enim

66 1642 131 1707 tibi
158 1641 256 1706 navi?
289 1641 345 1726 qui
371 1640 400 1706 si
427 1663 490 1726 quo
517 1642 645 1726 publice
667 1643 895 1729 proficisceris,
921 1646 1076 1730 praesidii

67 1735 101 1796 et
132 1734 283 1796 vecturae
315 1751 413 1796 cansa
445 1734 577 1816 sumptu
603 1730 733 1815 publico
760 1732 893 1818 navigia
918 1733 1076 1817 praeben·

67 1823 138 1903 tur3
174 1817 329 1902 privatim
364 1817 486 1882 autem
503 1839 562 1883 nec
593 1819 753 1903 proficisci
785 1841 948 1905 quoquam
980 1825 1074 1906 potes

68 1929 128 1973 neo
148 1923 308 1972 arcessere
327 1927 378 1970 res
402 1906 638 1979 transmarinas
663 1929 701 1971 ex
723 1906 764 1972 iis
787 1907 877 1992 locis,
899 1908 933 1972 in
957 1908 1074 1994 quibus

33 2000 101 2060 rote
135 1995 254 2060 habere
281 1994 363 2058 nihil
390 1994 476 2058 licet.
524 1992 649 2060 Deinde
677 2017 733 2060 cur
760 1996 933 2081 quicquam
960 2001 1128 2063 contrata

68 2086 160 2170 leges
188 2082 333 2167 parasti?
373 2081 508 2148 Valeret
529 2083 591 2147 hcc
614 2083 735 2148 crimen
757 2084 792 2148 in
813 2084 872 2150 illa
894 2088 1003 2150 vetere
1026 2107 1076 2150 se-

69 2171 209 2238 veritate
232 2193 269 2236 ac
291 2169 451 2256 dignitate
474 2170 521 2236 rei
544 2171 705 2254 publicam
727 2193 813 2238 nunc
834 2193 901 2238 non
923 2173 1019 2239 modo
1042 2178 1075 2239 te

69 2261 132 2326 hoc
155 2259 288 2326 crimine
310 2280 376 2324 non
398 2279 514 2344 arguo,
538 2259 594 2323 sed
615 2280 656 2323 ne
678 2261 738 2324 illa
761 2260 889 2345 quidem
913 2261 1076 2327 communi

71 2347 308 2433 vituperatione
322 2346 533 2430 reprehendo:
552 2344 603 2411 Tu
618 2347 679 2412 tibi
697 2349 759 2413 hoc
776 2371 953 2432 numquam
972 2353 1076 2435 turpe,

36 2457 247 2520 ennumquam
268 2435 486 2518 criminosum,
508 2456 686 2518 numquam
708 2435 904 2501 invidiosum
926 2436 996 2502 fore
1018 2460 1075 2522 pu·

71 2525 160 2608 testi,
183 2523 392 2590 celeberrimo
410 2523 483 2588 loco
501 2523 611 2606 palam
629 2522 691 2587 tibi
710 2523 872 2590 aedificari
892 2524 1076 2590 onerariam

71 2634 188 2680 navem
206 2612 240 2676 in
258 2611 433 2696 provincia,
457 2633 555 2695 quam
572 2615 610 2676 tu
628 2633 701 2676 eum
720 2592 858 2696 imperio
882 2612 1076 2678 obtinebas?

74 2701 156 2778 Quid
187 2721 242 2765 ecs
274 2699 377 2784 loqui,
410 2699 466 2784 qui
493 2698 661 2784 videbant,
694 2699 770 2783 quid
798 2699 984 2765 existimare
1011 2721 1076 2785 eos,

74 2790 128 2875 qui
161 2787 346 2869 audiebant,
379 2787 603 2852 arbitrabare?
639 2788 769 2853 inanem
800 2792 833 2852 te
862 2809 978 2854 navem
1005 2809 1075 2854 esse

38 2879 164 2944 suillam
202 2877 237 2941 in
271 2875 404 2940 Italiam
443 2874 677 2941 adducturum?
716 2875 964 2960 naviculariam,
1002 2897 1075 2942 cum

74 2966 211 3032 Romam
241 2964 398 3048 venisses,
431 2985 500 3028 esse
526 2961 710 3028 facturum?
760 2961 810 3028 Ne
837 2963 917 3028 illud
945 2963 1075 3048 quidem

75 3055 243 3140 quisquam
270 3055 401 3138 poterat
428 3051 597 3136 suspicari,
629 3055 662 3116 te
689 3051 723 3114 in
750 3049 849 3116 Italia
875 3051 1075 3118 maritimum

74 3143 190 3208 habere
217 3140 353 3207 fundum
381 3144 414 3206 et
441 3140 482 3204 ad
503 3139 628 3205 fructus
652 3138 870 3222 deportandos
893 3140 1076 3206 onerariam

75 3252 186 3297 navem
200 3250 397 3314 comparare.
428 3227 509 3294 Eius
528 3227 615 3292 modi
632 3226 767 3292 voluisti
785 3227 824 3292 de
842 3231 875 3292 te
894 3249 1076 3294 sermonem

41 3335 64 3378 u
77 3341 143 3386 esse
170 3317 327 3402 omnium,
354 3317 464 3402 palam
492 3319 529 3380 ut
554 3315 765 3400 loquerentur
788 3319 821 3380 te
844 3315 937 3381 illam
958 3338 1075 3382 navem

77 3428 199 3493 parare,
227 3427 308 3490 quae
335 3404 489 3490 praedam
512 3425 551 3468 er
574 3403 685 3469 Sicilia
708 3404 895 3488 deportaret
918 3409 950 3470 et
973 3404 1015 3471 ad
1038 3427 1076 3470 ea

77 3496 172 3581 tuma,
213 3515 295 3579 quae
335 3492 536 3578 reliquisses,
576 3496 780 3559 commearet.
834 3491 958 3560 Verum
995 3493 1076 3558 haec
1094 3503 1128 3552 lv
