2402 3936
163 133 228 198 286
465 131 504 186 ln
523 129 552 186 0.
567 130 722 186 VERREM
738 130 819 186 AGT.
837 131 871 186 IL

109 291 143 340 42
163 275 360 360 optimarum
392 297 430 340 ac
460 273 640 359 principem
670 274 888 340 imitabuntur
920 294 1039 340 omnes.
1087 273 1157 350 Quis

163 366 275 428 arator
301 366 335 427 te
361 365 511 447 praetore
540 362 706 427 decumam
734 361 836 446 dedit,
863 361 936 445 quis
964 361 1063 426 duas?
1095 362 1157 445 quis

162 473 230 517 non
247 450 389 518 maximo
408 472 443 516 se
462 449 624 516 adfectum
642 449 798 515 beneficio
817 449 955 535 putauit,
974 471 1045 514 cum
1062 449 1158 514 tribur

164 539 305 606 decumis
337 561 398 625 pro
427 560 491 604 una
518 539 761 624 defungeretur,
792 541 922 622 praeter
949 558 1082 622 paucos,
1113 537 1159 621 qui

162 631 297 713 propter
315 627 503 692 societatem
521 625 684 692 furtorum
701 630 834 691 tuorum
855 625 939 691 nihil
963 625 1095 692 omnino
1116 625 1178 690 des

163 715 300 781 derunt?
341 713 438 797 Vide,
460 715 547 780 inter
565 715 837 799 inportunitatem
859 717 951 779 tuam
975 717 1159 798 senatusque

162 803 343 869 bonitatem
361 802 440 887 quid
456 802 597 868 intersit.
637 800 777 867 Senatus
800 824 874 868 cum
896 802 1096 885 temporibus
1118 801 1160 866 rei

161 889 310 975 publicae
329 891 466 977 cogitur,
487 893 525 957 ut
543 891 703 974 decernat,
725 894 763 955 ut
785 891 908 956 alterae
931 889 1083 956 decumae
1103 891 1159 954 exi·

162 981 295 1065 gantur,
317 978 366 1044 ita
386 979 541 1063 decernit,
564 982 602 1044 ut
622 999 682 1064 pro
705 977 757 1042 his
781 977 923 1044 decumis
945 979 1083 1062 pecunia
1103 978 1160 1042 sol-

161 1070 258 1132 vatur
272 1067 465 1151 aratoribus,
482 1070 528 1150 ut,
547 1067 634 1151 quod
647 1067 722 1152 plus
741 1067 890 1150 sumitur,
909 1087 1009 1150 quam
1028 1067 1184 1148 debetur,1l

162 1154 196 1219 id
215 1155 288 1239 emi,
309 1177 376 1221 non
395 1154 515 1220 auferri
531 1157 678 1239 putetur;
700 1158 738 1218 tu
761 1176 835 1219 cum
856 1157 909 1219 tot
931 1154 1083 1220 decumas
1103 1175 1159 1218 non

164 1243 491 1327 senatusconsulto,
522 1242 580 1307 sed
610 1242 703 1307 novis
733 1241 848 1306 edictis
876 1241 944 1306 tuis
973 1242 1159 1325 nefariisque

163 1330 324 1396 institutis
361 1331 506 1417 exigeres
543 1333 576 1396 at
612 1330 765 1415 eriperes,
801 1350 957 1416 magnum
989 1334 1024 1394 te
1057 1330 1159 1395 fecisse

163 1418 336 1500 arbitrare,
369 1419 397 1483 si
428 1418 531 1502 pluria
561 1417 744 1483 vendideris
776 1439 875 1502 quam
902 1415 938 1483 L.
964 1417 1158 1498 Hortensius,

161 1508 255 1588 pater
281 1505 376 1570 istius
402 1505 440 1581 Q.
458 1505 627 1587 Hortensi,
655 1527 752 1588 quam
768 1503 840 1570 'Gn
857 1505 1047 1590 Pompeius,
1073 1515 1184 1589 quaml

162 1590 197 1658 Ο.
215 1591 402 1677 Marcellus,
425 1593 481 1677 qui
504 1593 545 1659 ab
569 1592 746 1678 aequitate,
767 1592 810 1657 ab
833 1594 920 1679 lege,
942 1594 986 1658 ab
1008 1593 1158 1658 institutis

161 1700 229 1747 non
250 1682 473 1748 recesserunt?

109 1776 142 1826 4³
228 1768 282 1835 An
298 1769 361 1844 tibi
378 1768 474 1834 unius
493 1769 570 1835 anni
592 1772 648 1834 aut
671 1768 794 1834 biennii
815 1769 900 1834 ratio
923 1767 988 1834 fuit
1011 1769 1157 1850 habenda,

161 1860 250 1925 salus
273 1857 465 1942 provinciae,
488 1856 658 1923 commoda
680 1855 728 1920 rei
749 1856 990 1941 frumentariae,
1013 1858 1099 1922 ratio
1119 1856 1157 1920 rei

160 1945 310 2031 publicae
336 1946 371 2010 in
396 1945 624 2030 posteritatem
650 1944 714 2009 fuit
739 1943 964 2031 neglegenda?
997 1967 1073 2011 cum
1097 1953 1183 2009 rent

160 2034 209 2098 ita
227 2032 440 2097 constitutam
459 2032 646 2115 accepisses,
668 2036 706 2097 ut
725 2036 758 2098 et
774 2033 895 2117 populo
913 2031 1064 2101 Romano
1088 2032 1156 2098 satis
1182 2041 1183 2125 t

159 2118 315 2183 frumenti
333 2140 371 2183 ex
390 2117 501 2183 Sicilia
519 2119 780 2201 suppeditaretur
798 2125 832 2186 et
849 2120 1036 2188 aratoribus
1059 2126 1156 2187 tamen

160 2226 252 2271 arare
271 2207 369 2289 atqua
387 2225 484 2290 agros
504 2205 609 2270 colere
628 2208 800 2292 expediret,
824 2207 900 2293 quid
923 2208 1069 2294 effecisti,
1092 2206 1155 2294 quid

160 2292 330 2359 adsecutus
368 2293 424 2359 es?
473 2291 520 2358 Ut
551 2295 674 2390 populo
705 2296 853 2361 Romano
883 2295 993 2363 nescio
1026 2297 1103 2382 quid
1130 2299 1154 2358 tc
1181 2257 1182 2317 ¹

159 2383 310 2466 praetore
336 2381 378 2447 ad
405 2381 555 2448 decumas
583 2383 760 2467 accederet,
788 2382 979 2449 deserendus
1003 2385 1181 2450 arationem

160 2468 449 2554 relinquendasque
482 2471 611 2536 curasti
662 2469 824 2537 Successit
854 2471 916 2535 tibi
945 2471 980 2536 L.
1005 2471 1153 2538 Metellus
1180 2451 1181 2511 l

161 2556 211 2623 Tu
236 2557 440 2623 innocentior
465 2581 562 2642 quam
583 2557 750 2642 Metellus,
776 2561 814 2623 tu
839 2558 944 2624 laudis
972 2563 1007 2624 et
1033 2558 1153 2625 honoris

161 2645 328 2731 cupidior?
358 2645 422 2710 tibi
448 2647 534 2711 enim
561 2646 748 2717 consulatus
773 2647 1003 2732 quaerebatur,
1034 2646 1152 2713 Metello
1179 2643 1180 2702 l

159 2738 315 2818 paternus
329 2733 434 2799 honos
448 2739 481 2798 et
500 2734 606 2800 avitus
623 2735 868 2819 neglegebatur.
904 2732 1012 2800 Multo
1031 2733 1151 2801 minoris

161 2822 305 2887 vendidit
321 2843 387 2887 non
405 2821 501 2887 modo
521 2844 619 2906 quam
636 2825 682 2906 tu,
706 2822 762 2886 sed
780 2822 879 2902 etiam
898 2844 997 2907 qnam
1016 2824 1071 2908 qui
1088 2824 1179 2897 autad

108 2905 149 2968 17
160 2912 194 2973 te
221 2910 441 2976 vendiderunt.
491 2909 631 2994 Quaero,
663 2909 692 2974 si
718 2910 788 2994 ipae
815 2910 1001 2996 excogitare
1023 2933 1087 2977 non
1106 2929 1150 2993 po

160 3001 282 3082 tuerat,
310 3019 406 3083 quem
429 2997 470 3062 ad
493 2997 624 3062 modum
647 3019 745 3081 quam
768 2997 909 3082 plurimo
932 2999 1095 3082 venderet,
1117 3015 1149 3059 ne
1177 3029 1178 3089 q

160 3084 218 3146 tua
250 3085 379 3168 quidem
406 3084 548 3151 recentia
573 3085 723 3169 proxumi
748 3086 908 3169 praetoris
930 3087 1072 3172 vestigia
1090 3103 1148 3169 pcr-

161 3171 253 3254 sequi
279 3177 421 3256 poterat,
447 3177 485 3238 ut
511 3172 577 3238 tuis
603 3173 780 3256 praeclaris
808 3174 866 3239 aba
892 3178 927 3240 te
951 3175 1092 3259 principe
1111 3171 1147 3235 in·

159 3258 266 3322 ventis
285 3262 318 3323 et
341 3260 534 3344 excogitatis
558 3260 670 3326 edictis
694 3264 791 3345 atque
814 3260 974 3327 institutis
997 3255 1146 3328 uteretur?
1156 3233 1177 3308 ⁸⁵¹

107 3351 142 3398 44
161 3336 222 3404 Ille
240 3363 317 3406 vero
335 3347 407 3408 tum
428 3367 463 3410 se
485 3347 618 3411 minime
636 3347 805 3413 Metellum
826 3349 897 3415 fore
920 3351 1057 3434 putauit,
1077 3347 1103 3412 si
1120 3349 1145 3407 le

160 3425 230 3487 ulla
255 3426 290 3488 in
315 3449 351 3491 re
377 3430 525 3497 imitatus
554 3438 652 3518 esset3
679 3435 735 3519 qui
762 3436 803 3501 ab
831 3436 910 3501 urbe
932 3437 1051 3522 Roma,
1076 3429 1145 3518 quod
1175 3427 1176 3475 l
