2404 3928
147 135 212 200 360
447 130 488 186 IN
506 131 535 189 G.
550 129 704 186 VERREM
721 128 801 186 ΔΟΤ.
819 129 854 186 11.

145 279 180 344 in
207 279 279 364 lege
306 298 410 362 neque
437 277 473 340 in
499 275 619 358 officio,
647 274 704 342 sed
730 274 764 340 in
790 274 960 339 voluntate
984 274 1139 340 hominum

93 363 136 429 95
147 371 245 450 atque
264 366 402 432 avaritia
419 364 545 450 positus
566 362 681 430 modus
705 363 907 429 aestimandi
943 361 1141 448 Quapropter,
1187 351 1188 394 ³

147 456 175 520 si
206 477 265 520 vos
298 454 398 520 semel
425 454 459 520 in
486 452 656 520 iudicando
683 451 781 518 finem
809 451 985 535 aequitatis
1012 455 1045 516 et
1071 453 1141 538 legis

146 543 356 627 transieritis,
383 542 499 607 scitote
526 561 585 606 ros
607 539 734 606 nullum
757 540 873 605 ceteris
897 540 933 605 in
955 540 1142 605 aestimando

145 633 244 698 finem
266 630 475 716 inprobitatis
498 633 532 693 et
554 628 711 696 avaritiae
733 628 914 712 reliquisse.
1152 645 1163 684 ε
1188 667 1189 700 ,

93 725 143 772 ²2¹
213 719 330 786 Videte
357 719 473 803 igitur,
500 739 598 802 quam
624 717 729 782 multa
754 717 854 782 simul
881 737 902 781 a
927 717 1023 783 robis
1046 722 1144 803 postu-

146 809 263 874 lentur.
304 805 477 872 Absolvite
505 826 591 890 eum,
619 805 675 888 qui
698 825 732 870 se
754 803 899 870 fateatur
921 807 1081 872 maximas
1100 827 1144 890 pc-

146 896 256 961 cunias
275 917 348 962 oum
367 915 494 960 summa
512 895 672 960 sociorum
691 892 810 960 iniuria
832 893 967 977 cepisse.
1009 894 1085 959 Non
1103 898 1145 957 est

146 984 242 1066 satis,
269 987 345 1050 sunt
370 983 428 1054 alii
451 1003 578 1066 quoque
600 981 797 1066 complures,
825 982 882 1066 qui
904 981 992 1048 idem
1014 982 1144 1048 12221121.
1189 1005 1190 1036 1

146 1070 319 1137 Absolvite
351 1073 450 1140 etiam
481 1071 572 1152 illos,
603 1070 633 1136 si
664 1069 720 1154 qui
749 1073 840 1153 sunt,
872 1074 911 1135 21
941 1093 1009 1136 uno
1040 1070 1174 1136 iudicioo

147 1161 440 1246 quamplurimos
475 1159 643 1244 improbos
674 1157 829 1225 liberetis.
878 1155 930 1222 Ne
962 1159 997 1224 id
1031 1159 1146 1243 quiden

147 1250 227 1314 satis
256 1252 319 1332 est,
345 1247 457 1332 facite,
483 1251 521 1312 ut
547 1246 663 1314 ceteris
689 1245 828 1330 posthac
850 1246 936 1311 idem
960 1247 1069 1313 liceat
1104 1245 1146 1310 lis

147 1338 246 1420 cebit3
269 1337 372 1403 adbuc
391 1358 507 1421 parum
529 1339 590 1401 est
627 1334 827 1417 Permittite,
849 1338 887 1400 21
909 1335 1024 1421 liceat,
1047 1334 1147 1420 quenti
1190 1367 1191 1420 l

147 1426 282 1507 quisque
306 1425 398 1508 velit,
424 1425 510 1492 tanti
533 1427 723 1490 aestumare.
763 1421 964 1488 Permissum
987 1428 1055 1508 sst;
1079 1423 1146 1488 stul·
1190 1445 1191 1450 ¹

146 1513 292 1578 tissimus
313 1513 448 1596 quisque
466 1513 604 1596 posthac
627 1511 761 1576 minimo
785 1512 993 1578 aestumabit.
1031 1511 1146 1577 Videtis
1157 1521 1175 1562 1⁵

146 1601 211 1664 iarn
234 1600 395 1685 profecto,
419 1601 555 1685 iudices,
577 1600 639 1668 hac
661 1599 889 1666 aestimatione
913 1623 934 1665 a
956 1601 1053 1666 vobis
1075 1623 1145 1666 oon·

146 1689 286 1773 probata
316 1711 419 1774 neque
451 1689 583 1756 modum
615 1688 753 1774 posthae
782 1688 940 1757 avaritiae
967 1689 1146 1773 cuiusquam
1191 1725 1192 1746 r

92 1791 146 1839 222
163 1799 268 1862 neque
295 1799 433 1863 poenam
463 1777 673 1862 inprobitatis
694 1776 848 1842 futuram.
875 1776 1000 1853 ¹Quam
1026 1778 1068 1843 ob
1088 1797 1146 1840 ren

147 1867 224 1949 quid
240 1867 320 1952 agis,
337 1865 517 1936 Hortensi?
548 1864 720 1931 Consules
740 1863 938 1950 designatus,
955 1865 1146 1951 provinciam

147 1955 295 2039 sortiere,
337 1955 375 2020 de
412 1954 637 2024 aestimatione
655 1952 829 2026 ,frumenti
864 1974 938 2018 cum
975 1954 1076 2039 dices,
1108 1952 1175 2016 2121)

145 2046 179 2106 12
198 2042 374 2126 audiemus,
397 2042 491 2124 quasi
508 2041 551 2124 id,
574 2041 661 2125 quod
679 2041 721 2108 ab
741 2041 807 2106 isto
829 2046 916 2106 reete
937 2041 1065 2107 facturn
1086 2061 1145 2106 esse
1192 2099 1193 2106 ,

147 2129 311 2212 defendes,
341 2133 375 2194 te
397 2129 560 2193 facturum
587 2129 762 2212 profiteare
788 2133 822 2195 et
849 2130 954 2214 quasi,
986 2131 1076 2215 quod
1098 2127 1145 2192 isti

146 2216 273 2282 licitum
287 2237 357 2280 esse
372 2215 468 2298 dices,
485 2216 694 2282 vehementer
707 2217 818 2304 cupias
832 2217 895 2282 tibi
910 2218 1018 2285 licere.
1047 2215 1145 2299 Atqui

148 2304 176 2368 si
198 2305 230 2368 id
254 2303 378 2387 licebit,
401 2303 484 2368 nihil
508 2308 571 2388 est,
594 2304 681 2390 quod
702 2306 824 2390 putetis
848 2327 1046 2390 quemquam
1067 2307 1144 2390 post

146 2393 208 2458 hac
230 2393 488 2477 commissurum,
510 2396 548 2458 ut
571 2392 613 2460 de·
633 2393 777 2478 pecuniis
799 2393 987 2478 repetundis
1011 2394 1171 2462 condem-e

146 2482 218 2546 nari
249 2482 363 2566 possit.
413 2480 576 2557 Quantam
603 2482 690 2547 enim
716 2480 853 2565 quisque
879 2483 1079 2567 concupierit
1102 2501 1144 2564 pe

148 2571 284 2654 cuniam,
307 2574 435 2636 tantam
452 2570 565 2636 licebit
582 2591 641 2654 per
658 2569 759 2635 cellae
777 2591 896 2637 nornen
918 2567 1143 2636 aestimationis

95 2657 370 2771 96msgnitudine
393 2663 617 2743 consequatur.

11 2813 12 2840 ,
95 2785 146 2833 223
213 2747 260 2812 At
278 2747 364 2812 enim
388 2750 439 2812 221
462 2747 624 2832 quiddam,
646 2744 740 2829 quod,
764 2745 893 2812 etiamsi
914 2747 1026 2830 palam
1048 2748 1082 2811 in
1101 2743 1144 2808 de-

11 2849 12 2888 1
147 2834 306 2901 tendendo
333 2857 399 2902 non
428 2831 513 2902 dicat
539 2833 747 2917 Hortensius,
779 2837 890 2900 tamen
916 2835 965 2900 ita
993 2836 1088 2918 dicet,
1113 2833 1172 2895 ut³⁰

11 2961 12 2970 .
147 2945 205 2989 vos
224 2925 258 2990 id
277 2925 435 3010 suspicari
458 2926 492 2988 et
514 2922 659 3008 cogitare
681 2921 826 3007 possitis,
846 2923 1008 3008 pertinere
1030 2922 1091 2988 hoc
1110 2917 1143 2984 21

146 3013 353 3080 commodum
371 3011 579 3094 senatorium,
599 3010 761 3096 pertinere
780 3010 821 3076 ad
839 3010 1017 3078 utilitatem
1035 3028 1142 3085 eorum,

148 3100 204 3182 qui
221 3101 373 3185 iudicent,
396 3100 452 3184 qui
469 3100 504 3164 in
521 3098 696 3183 provinciis
720 3120 793 3164 cum
815 3102 980 3184 potestate
1003 3103 1060 3166 aut
1080 3115 1142 3164 oum

12 3189 13 3192 ’
147 3187 312 3272 legatione
331 3209 365 3253 se
382 3188 511 3253 futuros
530 3186 704 3271 aliquando
723 3187 930 3254 arbitrentur.
966 3187 1141 3254 Praeclarus

146 3295 223 3339 vero
252 3276 428 3342 existumas
456 3275 576 3342 iudices
601 3295 661 3340 nos
684 3274 817 3359 habero,
844 3297 925 3360 quos
949 3275 1061 3342 alienis
1081 3277 1170 3356 pm*

147 3360 228 3422 catis
256 3381 463 3428 concessuros
486 3365 595 3447 putes,
622 3383 686 3448 qno
709 3361 837 3428 facilins
860 3364 941 3448 ipsis
964 3382 1091 3450 peceare
1110 3357 1139 3422 li·

13 3507 14 3548 ,
147 3447 226 3509 ceat.
270 3445 360 3527 Ergo
388 3447 422 3509 id
449 3450 599 3514 volumus
622 3450 780 3534 populum
802 3451 999 3536 Romanum,
1024 3450 1056 3516 id
1076 3466 1140 3534 pro·
