2402 3936
165 162 229 227 278
467 162 506 215 IN
526 161 554 216 O.
568 159 722 215 VERREM
739 159 816 215 ACT.
835 159 869 214 Π.

165 310 235 371 stus
252 308 467 388 converteret3
486 304 542 389 qui
559 303 701 388 primum
719 306 825 368 certos
843 302 1026 368 instituerit
1043 303 1174 368 nomine

165 394 368 478 decumanos,
387 414 421 458 re
439 414 517 457 vero
535 391 702 456 ministros
722 413 759 456 ao
778 391 938 456 satellites
957 390 1173 476 cupiditatum

166 505 311 566 suarum,
333 502 392 567 per
410 502 492 565 quos
514 479 683 545 ostendam
702 479 749 544 sio
770 479 972 564 provinciam
995 501 1054 562 per
1078 480 1174 544 trien-

164 571 255 636 nium
272 573 424 635 vexatam
443 572 541 653 atque
559 570 732 651 vastatam,
754 566 884 651 iudices,
906 571 945 632 ut
963 587 1037 632 eam
1060 567 1174 632 multis

166 658 258 724 annis
287 658 465 722 multorum
492 655 677 721 innocentia
705 655 928 738 sapientiaque
951 675 1102 720 recreare
1125 675 1194 718 nes

166 766 329 831 queamus.
370 743 494 809 Eorum
517 744 670 827 omniurn,
693 743 749 827 qui
771 742 941 808 decumani
962 743 1174 824 vocabantur,

165 834 315 919 princeps
334 835 405 897 erat
423 831 460 908 Q.
478 832 535 896 ille
549 830 723 916 Apronius,
746 852 842 915 quem
864 829 997 913 ridetis,
1020 830 1061 894 de
1084 831 1172 895 onius

164 920 364 1005 inprobitate
387 919 547 1006 singulari
569 919 846 1006 gravissumarum
869 917 1074 1004 legationum
1099 939 1172 1001 que-

165 1008 321 1074 rimonias
339 1008 519 1074 audivistis.
555 1006 711 1092 Aspicite,
729 1006 859 1089 iudices,
881 1005 1012 1070 vultum
1030 1006 1172 1072 hominis

166 1099 199 1162 et
226 1100 393 1183 aspectum
420 1100 453 1161 et
480 1118 520 1161 ex
543 1116 583 1160 aa
604 1094 820 1178 contumacia,
849 1114 947 1177 quam
969 1093 1025 1159 hic
1047 1095 1083 1160 in
1105 1116 1194 1179 per-r

166 1185 243 1249 ditis
265 1186 362 1250 rebus
385 1184 517 1266 renuet,
540 1183 616 1248 illos
640 1181 708 1248 eius
731 1181 866 1267 spiritus
887 1179 1067 1248 Siciliensis
1093 1203 1171 1266 quos

164 1272 265 1337 fuisse
298 1272 435 1358 putetis,
471 1271 626 1357 [cogitate
659 1273 708 1352 ao]
745 1269 969 1335 recordamini
1024 1269 1087 1335 Hic
1124 1274 1171 1334 eat

165 1360 340 1444 Apronius,
358 1382 454 1445 quem
471 1359 507 1424 in
523 1358 689 1445 provincia
707 1361 778 1424 tota
790 1357 920 1442 Verres,
938 1380 1013 1424 oum
1031 1357 1169 1442 undique

164 1448 390 1530 nequissumos
408 1447 555 1512 homines
574 1446 798 1531 conquisisset,
821 1450 946 1512 etcum
968 1446 1041 1530 ipse
1063 1467 1169 1511 secum

165 1535 216 1598 sui
239 1535 361 1600 similes
385 1535 529 1600 duxisset
550 1556 618 1600 non
639 1556 755 1619 parum
778 1535 912 1618 multos,
939 1534 1102 1618 nequitia,
1126 1535 1194 1597 lun

164 1621 270 1707 xuria,
299 1623 432 1688 audacia
459 1623 510 1688 sui
536 1623 738 1688 simillimum
760 1622 929 1707 iudicavit3
955 1622 1067 1707 itaque
1089 1622 1168 1686 istos

164 1709 250 1775 inter
282 1732 316 1776 se
342 1711 493 1797 perbrevi
519 1714 666 1796 tempore
692 1731 759 1775 non
785 1732 851 1794 res,
880 1731 949 1775 non
975 1710 1074 1793 ratio,
1107 1731 1168 1774 uon

165 1799 402 1865 commendatio
430 1800 553 1884 aliqua,
581 1800 638 1863 sed
663 1798 843 1864 studiorum
865 1798 1036 1883 turpitudo
1059 1797 1166 1862 simili·

112 1903 145 1953 aa
164 1887 307 1972 tndoque
326 1888 500 1953 coniunxit.
535 1886 649 1952 Verris
667 1907 774 1951 mores
793 1886 949 1971 inprobos
973 1887 1166 1972 inparesque
1193 1873 1194 1941 l

163 1976 282 2059 nostis3
304 1976 420 2060 fingite
437 1974 531 2040 vobis
550 1974 701 2059 aliquem,
724 1974 753 2038 si
770 1974 917 2059 potestis,
940 1975 997 2058 qui
1015 1975 1051 2038 in
1067 1975 1193 2040 omni-a

164 2063 224 2127 bus
256 2062 314 2126 isti
344 2063 440 2126 rebus
471 2083 533 2146 par
562 2061 603 2125 ad
630 2061 774 2126 omnium
800 2061 1002 2148 flagitiorum
1029 2059 1165 2128 nefarias
1192 2039 1193 2115 l

163 2148 314 2212 libidines
347 2168 416 2213 esse
445 2148 564 2231 possit,
594 2147 625 2211 is
653 2149 716 2213 erit
738 2149 902 2235 Apronius
929 2151 1002 2235 ille,
1034 2149 1099 2235 qui,
1128 2153 1166 2213 ut

147 2235 233 2319 ,ipse
248 2236 330 2299 'non
361 2235 468 2300 solum
499 2235 582 2320 vita,
613 2236 671 2301 sed
697 2259 832 2323 corpore
859 2243 957 2322 atque
985 2260 1042 2304 ore
1068 2236 1163 2323 signi-
1191 2227 1192 2291 l

162 2323 252 2406 ficet,
279 2323 438 2390 immensa
460 2323 569 2408 aliqua
590 2346 714 2411 vorago
738 2330 788 2392 est
812 2329 846 2390 et
871 2346 993 2412 gurges
1016 2326 1162 2392 vitiorum

162 2411 464 2497 turpitudinumque
492 2413 644 2479 omnium.
688 2413 841 2480 Huncin
863 2415 1014 2480 omnibus
1037 2393 1191 2498 stuprari

162 2499 248 2565 huno
270 2499 476 2566 insanorum
500 2501 760 2586 expilationibus,
782 2501 870 2567 huno
891 2502 926 2567 in
948 2502 1073 2587 inpuris
1095 2521 1160 2566 cou-

162 2588 256 2654 viviis
284 2587 463 2674 principem
489 2589 678 2673 adhibebat;
704 2593 895 2675 tantamque
917 2589 1020 2656 habet
1041 2609 1160 2655 morum
1189 2585 1190 2639 l

163 2676 342 2741 similitudo
366 2677 624 2743 coniunctionem
646 2680 745 2761 atque
768 2677 981 2762 concordiam,
1004 2681 1042 2743 ut
1064 2678 1158 2762 Apro
1188 2747 1189 2815 ,

161 2785 333 2918 Aliost
352 2765 1188 2938 Allitbttllsffiltltfltdttest2

161 2960 265 3025 neque
284 2940 392 3006 videre
411 2942 543 3024 vellent,
566 2942 634 3006 sine
653 2963 690 3006 eo
709 2941 772 3006 iste
795 2961 865 3008 esse
887 2963 954 3007 non
977 2945 1096 3028 posset,
1117 2943 1156 3018 ut,
1187 2939 1188 2989 l

162 3047 235 3091 cum
259 3029 316 3092 alii
338 3051 379 3093 ne
402 3029 557 3094 conviviis
581 3029 710 3113 quidem
732 3029 835 3094 isdem
858 3031 976 3115 quibus
993 3028 1155 3116 Apronius,

162 3111 214 3179 hic
241 3114 345 3180 isdem
373 3117 471 3181 etiam
497 3117 622 3201 poculis
650 3120 808 3203 uteretur,
835 3123 1002 3204 postremo
1026 3121 1064 3185 ut
1084 3115 1155 3181 odor
1186 3109 1187 3163 l

161 3200 288 3286 Aproni
310 3204 516 3268 taeterrimus
540 3204 606 3268 oris
630 3207 664 3269 et
686 3205 845 3290 eorporis,
873 3229 982 3291 quem,
1006 3211 1043 3272 ut
1066 3204 1152 3280 aiunt,

160 3307 202 3350 ue
229 3289 353 3353 bestiae
381 3291 509 3375 quidem
537 3291 620 3356 ferre
648 3298 795 3378 possent,
827 3295 883 3359 uni
909 3295 966 3359 isti
995 3294 1098 3361 suavis
1123 3281 1186 3351 Μ

161 3371 317 3469 iucundus
343 3375 515 3443 videretur.
560 3379 620 3443 Ille
648 3384 719 3445 erat
746 3381 781 3444 in
808 3382 966 3446 tribunali
990 3381 1150 3468 proximus,

161 3477 195 3518 rn
210 3456 356 3523 cubiculo
371 3463 469 3545 solus,
486 3465 522 3528 in
536 3465 683 3532 convivio
698 3466 857 3553 dominus,
876 3473 999 3560 actum
1018 3467 1150 3543 maximo,
1184 3477 1185 3513 l
