2470 3936
159 181 224 246 468
459 175 498 230 ru
517 175 546 231 c.
561 175 718 232 vanuum
735 173 814 230 ncr.
833 175 867 228 11.

159 324 331 406 tribueret,
359 343 440 406 quae
468 320 573 387 omnia
600 322 735 404 propter
761 318 935 384 avaritiam
961 318 1064 404 ipsius
1087 320 1157 386 aoei-

160 413 273 495 disset,
301 413 372 494 aut,
399 432 472 475 cum
498 409 567 493 ipse
590 407 788 492 praedonum
813 407 919 474 socius
943 407 1157 492 arbitraretur,

160 502 234 566 aliis
266 498 459 584 proditionis
492 497 614 562 crimen
640 494 789 578 inferret3
822 494 936 560 deinde
962 493 1027 562 hoc
1054 496 1157 580 quinto

161 589 293 656 decumo
314 588 364 652 die
382 586 505 652 crimen
522 606 593 649 esse
610 587 734 668 natum,
755 586 929 667 postquam
948 584 1064 650 classis
1083 589 1158 650 esset

109 691 159 743 10⁷
179 677 306 743 amissa.
344 673 426 740 Cum
444 675 524 738 haec
540 673 589 738 ita
605 672 730 755 fierent,
753 672 979 755 quaerebatur,
1002 673 1061 738 ubi
1083 679 1178 740 essets

161 764 359 847 Cleomenes,
376 783 443 828 non
461 783 525 846 quo
543 761 638 825 illum
655 759 773 844 ipsum,
790 759 984 826 cuicuimodi
1004 765 1064 844 est,
1085 763 1159 846 quis·

160 875 258 938 quam
292 849 452 936 supplicio
483 853 618 934 propter
648 847 730 913 illud
761 847 1003 914 incommodum
1035 849 1159 937 dignum

159 942 304 1026 putaret3
322 961 399 1005 nam
414 936 491 1022 quid
506 935 695 1004 Cleomenes
709 935 815 1002 facere
827 936 960 1021 potuit?
983 934 1065 1023 (non
1083 940 1158 1004 enim

159 1050 293 1113 possum
325 1048 519 1112 quemquam
549 1025 738 1090 insimulare
769 1022 871 1110 falso)
903 1024 995 1109 quid,
1027 1026 1159 1111 inquam,

161 1137 281 1203 magno
309 1137 405 1201 opere
432 1113 541 1200 potuit
564 1112 751 1180 Cleomenes
778 1111 885 1178 facere
908 1113 1006 1178 istius
1031 1116 1189 1181 aventinu

159 1206 297 1270 navibus
314 1201 509 1270 exinanitis?
541 1201 651 1286 Atque
669 1223 744 1266 eum
760 1200 872 1266 rident
891 1201 1003 1267 sedere
1022 1203 1064 1268 ad
1080 1205 1157 1270 latus

160 1293 322 1378 praetoris
355 1295 388 1357 et
419 1292 460 1358 ad
490 1311 599 1356 aurem
626 1288 847 1373 familiariter,
878 1293 915 1354 ut
943 1291 1062 1358 solitus
1088 1297 1158 1376 erat,

160 1382 373 1446 insusurrare.
408 1380 492 1444 Tum
509 1399 586 1443 vero
606 1377 755 1442 omnibus
775 1376 1041 1463 indignissimum
1062 1380 1158 1446 visum

161 1473 211 1534 cst
240 1468 388 1532 homines
415 1466 663 1532 honestissimos
690 1465 810 1530 electos
839 1487 856 1530 c
885 1466 952 1530 suis
980 1467 1156 1534 civitatibus

160 1556 196 1621 in
208 1555 330 1620 ferrum
344 1558 441 1638 atque
454 1555 489 1618 in
503 1554 611 1620 vincla
624 1553 795 1636 coniectos,
813 1551 1021 1621 Cleomenem
1034 1561 1190 1642 proptera

161 1643 362 1730 flagitiorum
372 1665 409 1708 ac
417 1642 658 1727 turpitudinum
672 1642 861 1708 societatem
874 1641 1156 1710 familiarissimum

111 1750 161 1801 108
181 1754 251 1798 esse
263 1731 415 1818 praetori.
443 1729 629 1816 Apponitur
643 1730 688 1794 eis
707 1734 818 1796 tamen
840 1735 1012 1798 accusator
1025 1731 1154 1799 Naevius

65 1901 68 1908 Δ
162 1821 284 1907 Turpio
309 1819 533 1908 quidamqui
555 1817 589 1884 C.
608 1817 780 1884 Sacerdote
802 1823 953 1903 praetore
975 1819 1156 1886 iniuriarum
1222 1863 1223 1947 1

163 1909 335 1975 damnatus
350 1911 408 1992 est,
426 1908 524 1972 homo
538 1906 620 1972 bene
635 1905 802 1992 adpositus
818 1907 858 1970 ed
876 1907 973 1974 istius
992 1909 1161 1992 audaciam·

162 2019 258 2080 quem
284 1998 347 2062 iste
369 1997 404 2061 in
427 1995 583 2079 decumis,
608 1994 643 2060 in
665 1995 761 2060 rebus
785 1995 995 2082 capitalibus,
1022 1997 1057 2062 in
1078 1998 1188 2064 omnin
1221 2027 1222 2099 q

163 2086 325 2152 calumnia
342 2105 585 2169 praecursorem
604 2082 726 2148 habere
748 2083 877 2148 solebat
899 2088 933 2148 et
955 2086 1154 2152 emissarium.
1220 2147 1221 2150 ,

109 2172 154 2238 42
228 2171 373 2236 Veniunt
396 2169 571 2254 Syracusas
598 2175 749 2256 parentes
776 2171 1014 2257 propinquique
1037 2176 1154 2240 misero

162 2281 235 2324 rum
271 2258 523 2324 adulescentium
559 2258 622 2324 hoc
656 2259 823 2344 repentino
860 2261 1060 2328 calamitatis
1089 2283 1154 2328 suae

162 2347 277 2413 nuntio
292 2345 459 2430 commoti3
476 2346 602 2412 vinctos
622 2347 782 2432 aspiciunt
801 2348 924 2414 catenis
943 2349 1064 2416 liberos
1082 2371 1154 2432 suos,

163 2457 234 2502 cum
262 2435 357 2500 istius
385 2434 540 2501 avaritiae
567 2456 706 2520 poenam
733 2436 819 2502 collo
841 2439 875 2502 et
897 2437 1076 2504 cervicibus
1097 2438 1186 2503 suis¹⁵

163 2524 373 2607 sustinerent3
390 2523 516 2608 adsunt,
529 2522 713 2608 defendunt,
726 2525 940 2610 proclamant,
957 2526 1054 2592 fidem
1067 2531 1155 2609 tuam,

163 2634 245 2696 quae
270 2633 428 2696 nusquam
451 2614 522 2675 erat
543 2632 647 2695 neque
670 2633 824 2696 umquam
844 2611 966 2698 fuerat,
993 2615 1154 2700 inplorant

162 2700 260 2765 Pater
284 2700 396 2764 aderat
417 2699 508 2764 Dexo
532 2698 787 2784 Tyndaritanos,
813 2699 912 2766 homo
934 2703 1155 2786 nobilissimus,

162 2789 281 2873 hospes
309 2792 392 2854 tuuc.
438 2785 536 2853 Cuius
564 2790 601 2852 tu
627 2787 714 2852 domi
735 2787 857 2873 fueras,
885 2811 982 2876 quem
1003 2789 1155 2877 hospitem

163 2877 358 2962 appellares,
380 2897 454 2940 eum
472 2896 570 2959 quom
589 2874 649 2940 illa
670 2876 865 2942 auctoritate
888 2878 1020 2945 miseria
1042 2879 1186 2946 viderere

140 2965 336 3050 ¹perditum,
368 2985 435 3028 non
460 2965 494 3028 te
522 2963 590 3028 cius
617 2963 792 3048 lacrumae,
822 2987 887 3030 non
915 2971 1074 3053 senectus,
1098 2989 1156 3034 non

161 3052 297 3137 hospitii
316 3052 366 3116 ius
385 3055 483 3135 atque
501 3073 620 3116 nomen
637 3074 658 3116 a
676 3053 795 3118 scelere
814 3053 960 3138 aliquam
978 3057 1019 3120 ad
1041 3061 1156 3143 partem

111 3152 160 3203 ros
179 3139 393 3205 humanitatis
416 3160 567 3205 revocare
589 3139 719 3224 potuit?
759 3138 822 3206 Sed
844 3143 923 3226 quid
948 3165 1009 3230 ego
1032 3143 1155 3231 hospitii

161 3228 234 3301 iura
251 3227 286 3290 in
303 3228 365 3292 hac
383 3227 507 3292 inuram
525 3227 623 3292 belua
640 3229 880 3295 commemoro?
917 3229 980 3307 Qui
998 3230 1155 3300 Sthenium

162 3312 422 3408 Thermitanum,
446 3314 610 3399 hospitem
633 3336 740 3401 suum,
762 3316 852 3382 cuius
876 3318 1009 3387 domum
1031 3344 1088 3407 per
1107 3322 1183 3386 hou

162 3398 295 3479 sprtrum
319 3399 467 3464 exhausit
490 3406 523 3465 et
546 3401 736 3487 exinanivit,
759 3404 928 3472 absentem
951 3409 986 3474 in
1008 3431 1081 3476 reos
1101 3411 1154 3474 ret-

161 3479 288 3561 tulerit,
319 3501 416 3548 causa
446 3486 568 3552 indicta
599 3490 705 3574 capite
738 3491 915 3579 damnarit,
946 3496 989 3562 ab
1019 3519 1057 3566 eo
1081 3516 1154 3564 nunc
