2402 3936
156 159 223 224 318
453 157 491 210 IN
512 156 541 210 O.
560 155 715 210 VERREM
732 155 812 210 ΑΟΤ.
830 153 865 210 Π;

156 301 302 386 tndem,
325 305 406 386 quot
428 301 588 386 aooeperit
610 299 755 366 aratores
778 299 851 386 egri
872 298 1025 365 Leontini
1037 298 1159 366 Verres.

156 426 202 438 -
237 407 390 456 emim
421 425 464 437 -
497 393 578 473 quot
613 409 698 453 anno
734 387 833 453 tertio
869 389 1088 474 profiteantur
1122 428 1160 436 —

157 495 267 545 mm
295 515 335 526 -
363 497 389 543 11
411 482 445 542 ot
466 494 489 541 1.
516 481 662 542 matures
688 477 738 542 ita
763 476 857 541 rideo
884 477 1041 560 deiectos,
1067 480 1105 542 ut
1124 478 1160 541 iis

157 589 200 634 no
235 566 349 632 ricerii
384 565 513 649 quidem
545 565 766 630 sueoesserint.
816 563 903 640 Quot
935 568 1083 644 aratores
1115 566 1161 630 sd-

158 657 309 722 veniente
336 657 371 717 te
397 653 529 718 fuerunt
555 653 629 739 egri
654 651 875 738 Mutycensis?
923 652 1102 718 Videamus
1129 676 1180 720 ers

159 743 279 808 littoris
302 741 451 826 publicis.
474 776 517 786 —
541 759 720 806 cnmvn.
742 777 785 788 -
808 739 915 816 Quid?
939 763 1025 806 anno
1047 742 1161 806 tertio?

159 869 202 880 -
233 847 378 894 mxxvi
427 827 566 894 Centum
602 834 636 895 et
666 851 767 894 unum
798 833 945 894 aratores
977 851 1062 894 unus
1090 851 1162 914 ager

157 919 254 984 istius
272 918 392 983 iniuria
413 917 585 1001 desiderat,
608 922 706 1002 etque
729 917 808 983 adeo
831 939 883 982 res
907 917 1051 1002 publiea,
1072 939 1161 1002 qnon-

158 1007 226 1074 iam
260 1006 321 1072 illa
350 1005 466 1092 populi
496 1005 637 1071 Romani
667 1005 841 1091 vectigalia
873 1010 965 1090 sunt,
1002 1007 1087 1072 huno
1115 1011 1161 1071 tot

159 1101 292 1182 patrum
310 1093 453 1160 fsmilins
470 1115 643 1160 numerum
660 1093 821 1158 desiderat
840 1097 874 1158 et
891 1094 1045 1178 reposcit
1079 1095 1190 1180 Agere

159 1183 366 1250 Herbitensis
388 1183 495 1268 primo
517 1204 604 1247 anno
626 1182 743 1247 hebuit
764 1185 912 1247 aratores
937 1199 1046 1267 oonn,
1070 1184 1160 1247 tertio

160 1291 245 1357 ως
262 1271 339 1337 bino
353 1288 477 1336 cxxxn
489 1275 601 1356 patres
617 1271 762 1336 familias
781 1273 927 1336 extorres
946 1271 1161 1357 profugerunt

159 1359 376 1448 Agyrinensis
402 1381 495 1446 eger,
522 1381 660 1443 quorum
686 1358 870 1444 hominum,
897 1381 998 1443 qnam
1020 1360 1161 1426 honeste

158 1471 246 1532 rum,
273 1469 372 1532 quam
398 1447 626 1532 locupletium!
658 1463 723 1512 con
751 1451 897 1512 aratores
924 1447 1043 1513 habuit
1063 1448 1160 1533 primo

159 1557 246 1602 anno
272 1539 446 1620 praeturae
472 1540 558 1602 tuoe.
603 1536 710 1615 Quid?
743 1536 840 1600 tertio
866 1536 976 1602 enno?
999 1573 1044 1584 -
1064 1555 1190 1620 nmo

107 1676 151 1740 52
160 1645 256 1711 quom
271 1623 312 1688 ad
325 1623 458 1688 modum
471 1624 601 1710 legatos
611 1623 832 1710 Agyrinenses
846 1624 985 1690 recitare
999 1647 1039 1690 ex
1051 1625 1160 1690 litteris

108 1753 158 1802 121
177 1712 318 1801 publicis
335 1711 483 1778 audistis.
518 1712 584 1778 Pro
604 1714 639 1778 di
655 1713 871 1778 immortales!
895 1713 925 1778 si
943 1736 983 1778 ex
1005 1714 1160 1799 provincie

160 1807 234 1868 tota
247 1819 340 1868 om
358 1805 504 1866 statores
523 1800 682 1884 eiecisses,
698 1821 854 1885 possesne
871 1802 993 1867 severis
1012 1801 1159 1868 iudicibus

160 1892 272 1958 salvus
290 1890 384 1956 esse?
417 1887 511 1954 Unus
535 1910 615 1976 eger
628 1889 845 1975 Agyrinensis
868 1907 963 1956 chx
986 1890 1158 1956 aratoribus

159 1979 289 2046 inanior
299 2001 373 2044 oum
385 1978 438 2062 sit,
451 1999 511 2042 vos
520 1977 739 2043 oonieoturam
749 1978 852 2043 totins
863 1979 1051 2062 provinciae
1063 2000 1190 2044 nonnos

160 2067 310 2133 lnoietis‘l
341 2065 451 2150 Atque
469 2065 532 2130 hoo
548 2087 710 2150 peraeque
728 2065 763 2130 in
781 2067 870 2132 omni
889 2089 970 2152 agro
994 2068 1158 2133 decumano

160 2153 343 2238 reperietis3
360 2153 476 2237 quibus
491 2153 615 2237 aliquid
628 2158 740 2218 tamen
752 2155 870 2238 reliqui
882 2154 984 2220 fuerit
997 2178 1038 2221 ex
1050 2177 1158 2241 magno

160 2241 372 2328 patrimonio,
399 2263 455 2306 eos
481 2242 517 2306 in
544 2242 633 2326 agris
656 2241 782 2309 minore
803 2243 1037 2329 instrumento,
1063 2245 1157 2308 minus

160 2329 274 2396 multis
305 2329 392 2416 iugis
422 2330 632 2414 remansisse,
663 2330 750 2414 quod
776 2331 978 2416 metuebant,
1011 2333 1040 2397 si
1066 2333 1157 2398 deses

162 2418 290 2502 sissent,
307 2439 350 2484 ne
367 2417 510 2502 reliquas
527 2418 677 2484 fortunas
695 2440 807 2484 omnes
827 2419 1031 2505 amitterent3
1053 2421 1155 2505 quibus
1167 2440 1187 2480 s

160 2511 271 2573 antem
293 2506 357 2572 iste
378 2507 462 2570 nihil
484 2506 616 2590 reliqui,
639 2507 725 2591 quod
747 2506 933 2593 perderent,
955 2509 1089 2592 fenerat,
1110 2528 1155 2572 eos

161 2596 259 2682 plene
276 2615 344 2659 non
361 2595 467 2660 solum
485 2617 525 2659 ex
544 2594 642 2680 agris,
664 2596 895 2660 verumetiam
919 2617 959 2660 ex
982 2597 1155 2662 euentus

161 2685 229 2750 suis
245 2681 440 2769 profugisse.
475 2681 530 2746 Illi
547 2683 621 2784 ipsi,
640 2683 695 2767 qui
712 2687 946 2770 remanserant,
963 2685 1020 2750 vix
1037 2685 1156 2750 decuma

160 2769 1186 2944 ddistelbllurdmlloriiahcliffirebgrdrisidsslffldeedaedinalsmlegis

160 2946 336 3014 Hieronioa
353 2945 567 3030 venditurum,
590 2950 623 3012 et
640 2947 705 3012 nisi
723 2948 765 3012 ab
782 2948 824 3012 iis
846 2948 909 3013 hoo
931 2950 1106 3034 petivisset,
1125 2949 1154 3010 ut

163 3040 306 3101 sererent
324 3057 422 3119 qnam
442 3035 632 3120 plurimum3
657 3035 743 3119 quod
765 3036 816 3101 illi
839 3058 968 3122 semper
991 3060 1051 3104 suo
1072 3056 1154 3104 eausa

160 3120 319 3208 leoorant,
341 3145 415 3189 oum
437 3143 493 3189 eos
515 3143 611 3188 nemo
632 3128 780 3209 rogaret,
802 3147 901 3208 quom
923 3125 980 3191 diu
1001 3126 1153 3209 intellege

161 3208 242 3274 bont
256 3230 326 3274 sese
343 3211 407 3276 sibi
425 3215 459 3276 et
475 3211 597 3296 populo
610 3209 769 3297 Romano,
787 3234 854 3280 non
863 3213 961 3279 Verri
979 3217 1013 3280 et
1021 3211 1152 3298 Apronio

162 3316 282 3378 serere,
303 3298 502 3381 impendere,
524 3300 683 3364 laborare.
1162 3317 1186 3356 ³⁵

109 3381 160 3432 122
180 3464 187 3478 ,
227 3380 298 3444 Iam
315 3404 403 3464 vero,
420 3385 551 3469 iudices,
569 3387 599 3451 si
616 3385 805 3452 Siculorum·
817 3389 967 3454 fortunas
983 3387 1152 3476 neglegilit

162 3485 188 3504 ⁶*
235 3485 331 3530 “uem
363 3470 404 3532 ed
434 3472 568 3537 modum
599 3475 678 3540 sooii
708 3477 824 3560 populi
849 3476 991 3542 Romani
1020 3501 1041 3544 a
1068 3473 1153 3560 megi·
