2422 3952
144 130 187 196 70
307 130 379 187 PRO
398 131 474 188 SEX.
494 131 624 188 ROSCIO
643 131 811 188 AMERINO
831 131 975 188 ORATIO.

142 296 227 355 aum,
255 297 329 342 cum
356 277 395 344 de
423 277 485 342 hoo
508 277 689 362 quaeritur3
715 297 774 342 vos
798 277 884 343 enim
906 278 1057 344 dominos
1088 287 1164 346 esee

143 365 259 430 dicitis.
278 401 320 416 -··
339 363 423 448 Cum
438 363 651 452 Chrysogono
671 369 754 430 sunt.
777 401 818 412 -—
834 365 888 430 na
905 366 1016 450 cred0;
1034 367 1164 434 litteris

143 475 255 520 eorum
283 458 317 519 et
349 453 535 519 urbanitate
563 453 795 540 Chrysogonus
827 452 969 537 ducitur,
1000 459 1046 520 ut
1073 456 1166 522 inter

144 563 220 609 suos
243 543 388 608 omnium
409 542 598 608 deliciamm
621 544 718 628 atque
736 541 882 607 omnium
902 541 1025 608 ortium
1042 567 1166 630 pueru-

144 631 195 696 los
218 653 257 696 ex
280 634 331 696 tot
354 629 605 716 elegantissimis
627 629 762 694 familiis
785 630 889 700 lectos
907 630 989 696 velit
1007 631 1072 698 hos
1094 655 1192 700 ver-s

145 719 225 803 sari,
247 718 395 786 homines
418 740 520 803 paene
544 719 719 803 operarios,
742 741 781 782 ex
803 718 961 784 Amerina
984 719 1166 808 disciplina

93 807 266 892 121patrie
295 804 440 871 familiae
466 807 632 872 rusticani.
677 805 753 872 Non
779 805 827 872 ite
849 810 901 872 est
922 807 1091 896 profecto,
1120 811 1165 875 iu·

144 895 243 978 dices,
274 915 341 959 non
372 897 422 959 est
452 894 521 960 veri
553 894 672 977 simile,
702 898 739 959 ut
770 893 1003 981 Chrysogonus
1040 897 1165 963 horum

144 982 273 1047 litteras
292 982 452 1048 adamarit
471 986 527 1048 aut
545 982 793 1067 humanitatem,
811 1005 878 1048 non
895 987 933 1048 ut
950 985 999 1050 rei
1018 984 1165 1053 familia-

144 1071 190 1136 ris
212 1071 344 1158 negotio
368 1071 572 1158 diligentiam
594 1071 744 1157 cognorit
766 1091 878 1138 eorum
901 1075 935 1137 et
956 1073 1065 1139 iidem.
1099 1074 1165 1140 net
1179 1099 1202 1140 a

145 1159 311 1244 quiddam,
343 1159 430 1247 quod
462 1159 655 1242 occultatur,
692 1159 779 1244 quod
808 1182 875 1245 quo
904 1161 1087 1228 studiosius
1122 1165 1164 1229 ab

162 1247 235 1312 istis
259 1248 454 1334 opprimitur
476 1253 511 1314 et
533 1247 755 1332 absconditur,
783 1267 822 1315 eo
845 1248 950 1334 magis
979 1251 1107 1316 eminet
1132 1257 1165 1318 et

91 1320 135 1384 42
164 1339 308 1422 apparet.
353 1335 437 1412 Quid
459 1337 583 1423 igitur?
628 1333 861 1422 Chrysogonus
885 1337 977 1402 suine
1004 1339 1164 1406 maleficii

94 1397 143 1445 ¹2²
163 1423 346 1508 occultandi
369 1445 467 1490 causa
484 1425 707 1509 quaestionem
726 1425 765 1490 de
783 1424 824 1490 iis
842 1424 957 1490 haberi
977 1447 1046 1492 non
1064 1429 1163 1494 vult?

143 1510 291 1596 Minime,
317 1511 453 1596 iudices3
477 1533 544 1578 non
570 1513 604 1576 in
633 1533 743 1579 omnes
774 1513 917 1578 arbitror
945 1515 1057 1580 omnia
1086 1539 1162 1582 oon·
1176 1541 1202 1584 o

142 1599 262 1664 venire.
297 1597 370 1686 Ego
389 1600 424 1664 in
438 1598 664 1686 Chrysogono,
687 1601 775 1687 quod
792 1601 833 1667 ed
851 1623 903 1666 me
922 1602 1051 1684 attinet,
1072 1605 1163 1670 nihil

143 1687 212 1753 eius
234 1687 323 1754 modi
346 1688 505 1774 suspicor;
534 1709 640 1773 neque
661 1689 723 1756 hoc
745 1689 827 1754 mihi
849 1712 934 1756 nunc
956 1691 1103 1774 primum
1127 1695 1163 1758 in

142 1780 286 1844 mentem
315 1777 406 1844 venit
428 1777 560 1860 dicere„
586 1775 780 1843 Meministis
804 1779 926 1844 meite
949 1778 1161 1846 distribuisse

46 1903 49 1914 v
142 1865 237 1932 initio
257 1887 402 1932 causam:
425 1866 461 1932 in
478 1865 609 1950 crimen,
628 1866 717 1930 ouius
736 1869 807 1932 tote
826 1869 1068 1954 argumentatio
1086 1892 1162 1955 per-

141 1955 242 2020 missa
259 1953 378 2021 Erucio
401 1959 460 2039 est,
481 1958 515 2019 et
537 1953 572 2018 in
591 1954 767 2039 audaciam,
789 1955 880 2020 cuius
897 1959 1008 2041 partes
1026 1955 1160 2024 Rosciis
1175 1981 1200 2026 a

141 2042 314 2126 impositae
351 2045 434 2107 sunt.
484 2040 643 2126 Quicquid
674 2043 837 2124 maleficii,
871 2044 1015 2128 sceleris,
1047 2047 1160 2111 caedis
1208 2119 1209 2122 Ἴ

142 2129 218 2212 erit,
246 2129 415 2214 proprium
441 2129 475 2194 id
502 2128 693 2197 Rosciorum
721 2151 792 2196 esse
820 2131 959 2196 debebit.
1008 2130 1159 2200 Nimiam

142 2216 284 2370 §titt
310 2216 793 2390 susbsistunt?
806 2219 967 2392 ,tttt
992 2224 1026 2375 i*
1050 2223 1159 2377 lid?

1149 2361 1158 2393 1

142 2392 296 2477 quoniam
313 2397 460 2478 potestus
479 2395 556 2460 data
574 2399 634 2480 est,
651 2417 717 2460 non
735 2395 831 2462 modo
850 2396 1017 2482 infirmari,
1040 2419 1157 2464 verum
1171 2423 1197 2468 as

90 2501 141 2552 123
160 2479 258 2546 etiam
279 2481 436 2547 vindicari
453 2487 613 2569 oportere.
644 2482 717 2570 Ego
730 2484 779 2556 sio
793 2484 952 2569 existimo,
971 2485 1028 2569 qui
1041 2488 1158 2570 quaeri

141 2569 222 2635 velit
249 2569 364 2654 exiis,
392 2592 473 2655 quos
496 2575 638 2655 constet,
667 2593 738 2638 cum
762 2571 875 2638 caedes
897 2573 986 2639 fecta
1014 2574 1073 2657 sit,
1101 2576 1158 2640 ed-

140 2657 256 2744 luisse,
284 2665 358 2724 eum
380 2681 496 2744 cupere
513 2681 630 2742 ¹verum
653 2661 804 2745 inveniri3
832 2661 888 2746 qui
910 2665 1051 2746 recuset,
1079 2683 1157 2730 eum

140 2746 298 2836 profecto,
320 2748 453 2814 tametsi
475 2748 575 2814 verbo
597 2769 664 2814 non
687 2749 812 2832 audeat,
835 2753 946 2815 tamen
968 2771 1004 2816 re
1026 2751 1099 2836 ipse
1115 2751 1156 2817 de

141 2835 300 2902 maleficio
323 2857 381 2902 suo
405 2836 560 2902 confiteri.
605 2835 682 2902 Diri
704 2837 812 2920 initio,
835 2837 965 2922 iudices,
986 2837 1077 2905 nolle
1099 2861 1155 2905 me
1169 2865 1192 2905 a

141 2923 237 3008 plura
260 2924 299 2990 de
321 2920 604 2991 istorum'soelere
628 2924 741 3010 dicere,
766 2945 863 3010 quam
887 2947 984 2992 cause
1005 2928 1156 3012 postula·

140 3014 191 3075 ret
219 3033 256 3078 ac
282 3012 458 3079 necessitas
485 3013 557 3098 ipse
584 3018 724 3100 cogeret.
769 3012 856 3080 Nam
883 3018 916 3079 et
946 3015 1069 3080 multae
1099 3037 1154 3082 res

141 3096 262 3162 adferri
287 3104 439 3184 possunt,
472 3105 504 3166 et
531 3123 596 3167 una
623 3122 768 3186 quaeque
796 3123 907 3168 earum
932 3103 1045 3168 multis
1078 3125 1153 3172 cum

1 3255 2 3258 Ἴ
141 3187 342 3270 argumentis
366 3187 429 3254 dici
450 3192 568 3276 potest.
608 3188 731 3255 Verum
754 3211 829 3278 ego,
859 3191 945 3276 quod
967 3191 1090 3258 invitus
1114 3214 1152 3258 ac

1 3307 2 3316 κ
139 3273 320 3338 necessario
352 3274 450 3362 facio,
482 3298 585 3362 neque
618 3277 673 3343 diu
704 3299 808 3363 neque
840 3277 1015 3366 diligenter
1043 3277 1151 3348 facere
1164 3305 1189 3347 ss

1 3367 2 3372 ’
140 3380 282 3446 possum.
337 3361 427 3438 Quae
457 3365 628 3448 praeteriri
659 3366 749 3432 nullo
781 3367 877 3432 modo
909 3371 1075 3453 poterant,
1112 3391 1151 3434 ea

140 3447 265 3531 leviter,
287 3448 417 3531 iudices,
440 3451 546 3536 attigi,
569 3473 651 3536 quae
673 3455 781 3538 posita
804 3459 879 3520 sunt
902 3455 936 3520 in
959 3456 1150 3541 suspicioni-
