2386 3938
146 109 188 174 86
337 107 409 164 PRO
428 108 459 175 Q.
474 107 605 164 Rosclo
624 105 799 164 COMOEDO
818 105 960 162 ORATIO.

145 253 274 322 tissime
298 254 362 320 fuit
388 275 528 339 semper,
556 255 590 317 et
616 252 711 318 iudex
737 255 790 316 est
815 251 858 336 is,
884 273 983 336 quem
1005 273 1065 318 nos
1087 273 1156 318 non

146 343 253 410 minus
279 343 361 408 bene
385 341 541 410 danobis
564 340 752 406 existimare
774 362 872 425 quem
895 339 1071 406 secundum
1094 361 1156 406 nos

145 430 287 498 iudicare
313 431 465 515 velimus,
492 433 526 496 et
554 429 723 494 advocatio
746 449 785 494 ea
808 432 871 512 est,
898 450 999 514 quam
1020 433 1157 514 propter

146 520 300 586 eximium
318 518 522 606 splendorem
542 521 581 584 ut
602 517 740 582 iudicem
761 520 890 582 mutum
910 517 1018 582 uereri
1041 518 1157 582 debea

145 629 232 692 mus,
258 608 391 693 perinde
419 628 456 673 ac
483 607 512 672 si
538 606 574 670 in
599 605 684 671 hanc
705 605 880 670 formulam
903 606 1015 671 omnia
1036 605 1180 672 indiciae

145 696 308 783 legitime,
335 695 445 762 omnia
467 694 605 760 arbitrie
627 693 815 777 honoraria,
837 693 948 759 omnia
970 693 1082 760 officia
1105 695 1158 760 do

145 784 282 850 mestice
295 784 447 849 concluse
460 786 494 848 et
507 781 741 869 comprehense
758 781 834 867 sint,
852 781 985 866 perinde
1004 783 1157 848 dicemus.
1189 781 1190 856 i

144 872 208 938 Ille
240 873 388 956 superior
413 871 477 937 fuit
502 871 607 937 oratio
630 870 826 954 necessarie,
853 871 934 936 haec
957 871 1023 936 erit
1044 872 1157 937 volun·
1189 907 1190 948 r

145 959 244 1043 teria,
270 960 331 1026 illc
357 959 398 1027 ad
421 959 575 1043 iudicem,
600 959 681 1025 haec
703 959 746 1024 ad
768 957 803 1026 Ο.
818 957 985 1042 Pisonem,
1013 958 1076 1026 illa
1098 981 1156 1044 pro

145 1069 211 1134 reo,
232 1049 314 1115 haec
330 1069 390 1136 pro
408 1048 536 1132 Roscio,
557 1048 615 1113 ille
633 1047 798 1132 victoriae,
820 1046 900 1113 hacc
918 1047 1025 1112 bonae
1047 1048 1157 1113 existi-
1168 1065 1190 1104 o

107 1137 300 1260 6metionis
322 1159 421 1240 cause
443 1139 656 1239 comparate..
759 1222 789 1288 R
847 1223 854 1238 ⁸
1131 1225 1139 1238 ·
1189 1175 1190 1214 ,

95 1274 129 1324 16
147 1225 521 1400 audffdeceunpssrpppffia
533 1223 659 1379 UEtiriurlrlr1
662 1246 756 1397 'quiae
777 1244 902 1377 ἓξὲξ
924 1223 1085 1378 sem
1108 1225 1157 1378 dle?
1189 1273 1190 1302 ἶ

146 1402 275 1487 beetur,
298 1425 341 1470 an
363 1424 446 1486 quae
469 1423 507 1466 ex
529 1401 728 1466 liberalitate
749 1400 846 1466 huius
868 1401 1033 1485 premissa
1056 1402 1103 1466 sit
1125 1405 1155 1467 et
1189 1448 1190 1484 3

146 1491 333 1556 ostentata?
370 1490 514 1566 Quorum
541 1490 682 1556 alterum
709 1493 760 1554 eet
786 1489 919 1576 gravium
943 1492 979 1554 et
1002 1490 1156 1572 edicius,
1168 1505 1190 1570 1⁵,

147 1578 286 1644 alterum
299 1579 403 1644 levius
420 1582 454 1642 et
467 1576 605 1644 facilius.
637 1578 727 1656 Quae
745 1599 785 1651 ex
802 1577 958 1642 societate
976 1577 1156 1644 debeatur?
1189 1637 1190 1663 ξ

147 1666 231 1742 Ouid
249 1667 321 1732 eis?
352 1665 424 1733 Hoc
441 1667 508 1732 iam
527 1687 631 1752 neque
650 1666 766 1732 leviter
787 1665 955 1732 ferendum
978 1670 1030 1732 eet
1051 1687 1156 1752 neque
1189 1713 1190 1751 ,

146 1756 360 1842 neglegenter
387 1754 629 1822 defendendum.
672 1752 708 1819 si
730 1777 794 1840 que
816 1753 903 1820 enim
926 1758 1002 1820 sunt
1025 1756 1158 1840 privata
1189 1801 1190 1840 ,

145 1844 264 1911 iudicia
282 1867 427 1912 summae
450 1843 699 1911 existimationis
722 1847 756 1909 et
773 1864 877 1929 paene
900 1842 1005 1909 dicam
1028 1845 1157 1929 cepitis,
1189 1893 1190 1932 ,

145 1934 212 1998 trie
239 1934 319 2001 haec
350 1937 438 2016 sunt,
470 1932 617 2017 fiduciae,
648 1930 784 2016 tutelae,
816 1930 991 1997 societatis.
1040 1931 1190 2020 Aequore

147 2021 234 2086 enim
250 2021 460 2107 perfidiosum
478 2023 511 2086 et
528 2021 688 2086 nefarium
708 2023 758 2084 est
775 2019 873 2086 fidem
891 2019 1052 2106 frangere,
1072 2043 1156 2106 quae

127 2108 292 2174 ¹continet
312 2109 429 2192 uitam,
451 2111 485 2173 et
507 2109 670 2194 pupillum
690 2107 855 2193 fraudare,
880 2109 936 2194 qui
957 2109 993 2173 in
1014 2111 1155 2175 tutelam
1189 2167 1190 2190 ,

146 2195 304 2281 pervenit,
321 2197 492 2298 etosocium
504 2195 628 2300 fellere,
646 2197 702 2300 gui
720 2196 808 2299 sein
825 2196 958 2299 negotio
977 2197 1155 2300 coniunxit
1189 2245 1190 2288 ,

94 2305 127 2355 ¹⁷
145 2283 1188 2459 iiiiiiffiiiciiitmtffitiieqiiffiiefrttdffleiie

145 2461 216 2526 vite
234 2464 308 2527 ecta
324 2463 360 2527 in
378 2463 571 2529 alterutram
588 2466 717 2548 partem
734 2464 865 2528 firmum
883 2466 916 2528 et
939 2484 1040 2550 greve
1061 2465 1155 2530 testi·
1189 2471 1190 2478 ’

145 2550 299 2616 monium.
339 2550 376 2628 Q.
395 2550 554 2618 Roscius?
591 2550 675 2628 Ouid
697 2550 768 2616 ais?
799 2572 920 2636 nonne,
947 2555 985 2617 ut
1007 2551 1098 2639 ignis
1121 2554 1155 2618 in

145 2659 263 2723 equam
282 2640 445 2705 coniectus
464 2639 616 2717 continuo
637 2639 853 2726 restinguitur
875 2643 909 2705 et
930 2639 1154 2727 refrigeretur,

145 2727 192 2793 sic
209 2727 373 2794 refervens
391 2727 511 2794 falsum
530 2728 653 2793 crimen
668 2728 704 2793 in
721 2728 930 2815 purissimam
953 2732 987 2793 et
1010 2729 1155 2795 castissi-

145 2837 232 2882 mam
250 2815 354 2882 vitem
376 2816 533 2883 collatum
556 2817 670 2882 statim
693 2817 832 2883 concidit
855 2820 888 2882 et
911 2817 1186 2904 exstinguantur

144 2902 281 2972 Roscius
314 2905 438 2970 socium
468 2903 645 2971 fraudarit!
683 2904 798 2970 Potest
829 2906 892 2972 hoc
922 2904 1049 2972 homini
1075 2905 1153 2972 huie

143 2991 277 3059 haerere
304 2993 495 3079 peccatum?
528 2993 584 3077 qui
606 2992 733 3059 medius
753 2993 848 3059 fidius
872 2991 1043 3080 (audacter
1065 2993 1153 3082 dico)

143 3079 218 3164 plue
238 3080 314 3146 fidei
337 3103 435 3165 quam
457 3081 548 3166 artis,
570 3082 645 3167 plus
667 3081 816 3148 veritatis
840 3103 938 3167 quem
961 3083 1153 3170 disciplinae

34 3241 36 3246 ,
143 3166 289 3252 possidet
311 3167 347 3232 in
369 3190 416 3253 se,
440 3190 536 3253 quem
559 3170 700 3255 populus
722 3169 889 3236 Romanus
912 3169 1082 3238 meliorem
1104 3173 1152 3237 vi-

143 3276 216 3320 rum
235 3276 332 3339 quem
350 3256 544 3324 histrionem
562 3279 631 3323 esse
651 3257 838 3344 arbitratur,
861 3260 984 3345 quiite
1002 3260 1151 3347 dignissi·
1162 3271 1184 3316 ὅ

142 3363 215 3406 mus
234 3345 284 3406 est
307 3363 423 3409 scaena
445 3349 580 3430 propter
603 3346 789 3431 artificium,
812 3351 850 3412 ut
873 3348 1085 3435 dignissimus
1108 3349 1150 3414 sit

93 3446 125 3496 re
143 3428 232 3496 curie
249 3433 383 3514 propter
407 3427 647 3499 abstinentiam
688 3432 751 3500 Sed
774 3435 853 3519 quid
875 3456 936 3523 ego
958 3437 1089 3524 ineptus
1112 3437 1151 3502 de
