<?xml version="1.0" encoding="UTF-8"?>
<!DOCTYPE html PUBLIC "-//W3C//DTD XHTML 1.0 Transitional//EN"
    "http://www.w3.org/TR/xhtml1/DTD/xhtml1-transitional.dtd">
<html xmlns="http://www.w3.org/1999/xhtml" xml:lang="en" lang="en">
 <head>
  <title>
</title>
<meta http-equiv="Content-Type" content="text/html;charset=utf-8" />
  <meta name='ocr-system' content='tesseract 3.04.00' />
  <meta name='ocr-capabilities' content='ocr_page ocr_carea ocr_par ocr_line ocrx_word'/>
</head>
<body>
  <div class='ocr_page' id='page_1' title='image "./mtulliiciceroni02mlgoog/mtulliiciceroni02mlgoog_0334.png"; bbox 0 0 2392 3944; ppageno 0'>
   <div class='ocr_carea' id='block_1_1' title="bbox 272 175 1036 243">
    <p class='ocr_par' dir='ltr' id='par_1_1' title="bbox 272 175 1036 243">
     <span class='ocr_line' id='line_1_1' title="bbox 272 175 1036 243; baseline 0.018 -14"><span class='ocrx_word' id='word_1_1' title='bbox 272 175 338 231; x_wconf 78' lang='lat' dir='ltr'><strong>mn.</strong></span> <span class='ocrx_word' id='word_1_2' title='bbox 357 177 384 232; x_wconf 80' lang='grc' dir='ltr'><strong>ΙΙ</strong></span> <span class='ocrx_word' id='word_1_3' title='bbox 424 177 793 243; x_wconf 75' lang='lat' dir='ltr'><strong>cAP.1c—arsre-ec.</strong></span> <span class='ocrx_word' id='word_1_4' title='bbox 972 179 1036 242; x_wconf 70' lang='lat'><strong>217</strong></span> 
     </span>
    </p>
   </div>
   <div class='ocr_carea' id='block_1_2' title="bbox 3 318 1155 3580">
    <p class='ocr_par' dir='ltr' id='par_1_2' title="bbox 3 318 1155 3580">
     <span class='ocr_line' id='line_1_2' title="bbox 32 318 1038 406; baseline 0.001 -20"><span class='ocrx_word' id='word_1_5' title='bbox 32 321 244 406; x_wconf 88' lang='lat' dir='ltr'><strong>perturbatus</strong></span> <span class='ocrx_word' id='word_1_6' title='bbox 272 324 330 386; x_wconf 89' lang='lat' dir='ltr'><strong>est.</strong></span> <span class='ocrx_word' id='word_1_7' title='bbox 374 318 442 386; x_wconf 91' lang='lat' dir='ltr'><strong>Ubi</strong></span> <span class='ocrx_word' id='word_1_8' title='bbox 468 341 502 384; x_wconf 91' lang='lat' dir='ltr'><strong>se</strong></span> <span class='ocrx_word' id='word_1_9' title='bbox 529 320 678 406; x_wconf 76' lang='lat' dir='ltr'>collegit,</span> <span class='ocrx_word' id='word_1_10' title='bbox 704 325 800 388; x_wconf 81' lang='lat' dir='ltr'><strong>vocat</strong></span> <span class='ocrx_word' id='word_1_11' title='bbox 822 321 864 386; x_wconf 89' lang='lat' dir='ltr'><strong>ed</strong></span> <span class='ocrx_word' id='word_1_12' title='bbox 885 343 920 386; x_wconf 89' lang='lat' dir='ltr'><strong>se</strong></span> <span class='ocrx_word' id='word_1_13' title='bbox 943 319 1038 406; x_wconf 87' lang='lat' dir='ltr'><strong>Syra-</strong></span> 
     </span>
     <span class='ocr_line' id='line_1_3' title="bbox 34 407 1038 495; baseline 0.001 -21"><span class='ocrx_word' id='word_1_14' title='bbox 34 431 184 492; x_wconf 83' lang='lat' dir='ltr'><strong>cusanos3</strong></span> <span class='ocrx_word' id='word_1_15' title='bbox 222 409 277 493; x_wconf 88' lang='lat' dir='ltr'><strong>qui</strong></span> <span class='ocrx_word' id='word_1_16' title='bbox 308 430 373 473; x_wconf 92' lang='lat' dir='ltr'><strong>non</strong></span> <span class='ocrx_word' id='word_1_17' title='bbox 404 412 516 493; x_wconf 89' lang='lat' dir='ltr'><strong>posset</strong></span> <span class='ocrx_word' id='word_1_18' title='bbox 545 429 666 494; x_wconf 86' lang='lat' dir='ltr'><strong>negare</strong></span> <span class='ocrx_word' id='word_1_19' title='bbox 698 407 740 472; x_wconf 88' lang='lat' dir='ltr'><strong>ab</strong></span> <span class='ocrx_word' id='word_1_20' title='bbox 771 409 838 474; x_wconf 92' lang='lat' dir='ltr'><strong>illis</strong></span> <span class='ocrx_word' id='word_1_21' title='bbox 869 411 1038 495; x_wconf 89' lang='lat' dir='ltr'><strong>pecuniam</strong></span> 
     </span>
     <span class='ocr_line' id='line_1_4' title="bbox 33 495 1038 582; baseline 0.002 -20"><span class='ocrx_word' id='word_1_22' title='bbox 33 498 156 581; x_wconf 85' lang='lat' dir='ltr'><strong>datam,</strong></span> <span class='ocrx_word' id='word_1_23' title='bbox 189 517 257 562; x_wconf 89' lang='lat' dir='ltr'><strong>non</strong></span> <span class='ocrx_word' id='word_1_24' title='bbox 288 497 449 580; x_wconf 88' lang='lat' dir='ltr'><strong>quaesivit</strong></span> <span class='ocrx_word' id='word_1_25' title='bbox 479 497 593 582; x_wconf 91' lang='lat' dir='ltr'><strong>procul</strong></span> <span class='ocrx_word' id='word_1_26' title='bbox 625 497 771 562; x_wconf 80' lang='lat' dir='ltr'><strong>alicunde</strong></span> <span class='ocrx_word' id='word_1_27' title='bbox 803 495 921 582; x_wconf 89' lang='lat' dir='ltr'><strong>(neque</strong></span> <span class='ocrx_word' id='word_1_28' title='bbox 952 499 1038 564; x_wconf 89' lang='lat' dir='ltr'><strong>enim</strong></span> 
     </span>
     <span class='ocr_line' id='line_1_5' title="bbox 34 583 1038 670; baseline 0.002 -20"><span class='ocrx_word' id='word_1_29' title='bbox 34 583 212 670; x_wconf 85' lang='lat' dir='ltr'><strong>probaret),</strong></span> <span class='ocrx_word' id='word_1_30' title='bbox 236 585 292 649; x_wconf 82' lang='lat' dir='ltr'><strong>red</strong></span> <span class='ocrx_word' id='word_1_31' title='bbox 309 585 501 669; x_wconf 82' lang='lat' dir='ltr'><strong>proximum,</strong></span> <span class='ocrx_word' id='word_1_32' title='bbox 524 607 626 670; x_wconf 90' lang='lat' dir='ltr'><strong>paene</strong></span> <span class='ocrx_word' id='word_1_33' title='bbox 645 586 784 651; x_wconf 89' lang='lat' dir='ltr'><strong>alterum</strong></span> <span class='ocrx_word' id='word_1_34' title='bbox 805 585 919 669; x_wconf 89' lang='lat' dir='ltr'><strong>filium,</strong></span> <span class='ocrx_word' id='word_1_35' title='bbox 943 607 1038 669; x_wconf 87' lang='lat' dir='ltr'><strong>quem</strong></span> 
     </span>
     <span class='ocr_line' id='line_1_6' title="bbox 14 673 1038 759; baseline 0 -21"><span class='ocrx_word' id='word_1_36' title='bbox 14 676 119 739; x_wconf 70' lang='lat' dir='ltr'><strong>ullam</strong></span> <span class='ocrx_word' id='word_1_37' title='bbox 140 674 314 759; x_wconf 84' lang='lat' dir='ltr'><strong>pecuniam</strong></span> <span class='ocrx_word' id='word_1_38' title='bbox 332 673 453 738; x_wconf 82' lang='lat' dir='ltr'><strong>diceret</strong></span> <span class='ocrx_word' id='word_1_39' title='bbox 471 674 662 758; x_wconf 80' lang='lat' dir='ltr'><strong>abstulisse3</strong></span> <span class='ocrx_word' id='word_1_40' title='bbox 684 674 827 739; x_wconf 87' lang='lat' dir='ltr'><strong>ostendit</strong></span> <span class='ocrx_word' id='word_1_41' title='bbox 850 695 884 738; x_wconf 88' lang='lat' dir='ltr'><strong>se</strong></span> <span class='ocrx_word' id='word_1_42' title='bbox 906 674 1038 738; x_wconf 83' lang='lat' dir='ltr'>reddere</span> 
     </span>
     <span class='ocr_line' id='line_1_7' title="bbox 34 761 1039 847; baseline 0 -20"><span class='ocrx_word' id='word_1_43' title='bbox 34 767 230 828; x_wconf 87' lang='lat' dir='ltr'><strong>coacturum.</strong></span> <span class='ocrx_word' id='word_1_44' title='bbox 268 761 330 838; x_wconf 83' lang='lat' dir='ltr'><strong>Qui</strong></span> <span class='ocrx_word' id='word_1_45' title='bbox 351 766 567 847; x_wconf 90' lang='lat' dir='ltr'><strong>posteaquam</strong></span> <span class='ocrx_word' id='word_1_46' title='bbox 589 762 622 826; x_wconf 90' lang='lat' dir='ltr'><strong>id</strong></span> <span class='ocrx_word' id='word_1_47' title='bbox 645 761 777 846; x_wconf 86' lang='lat' dir='ltr'><strong>audivit,</strong></span> <span class='ocrx_word' id='word_1_48' title='bbox 799 762 915 828; x_wconf 89' lang='lat' dir='ltr'><strong>habuit</strong></span> <span class='ocrx_word' id='word_1_49' title='bbox 937 767 971 827; x_wconf 91' lang='lat' dir='ltr'><strong>et</strong></span> <span class='ocrx_word' id='word_1_50' title='bbox 994 763 1039 827; x_wconf 93' lang='lat' dir='ltr'><strong>di·</strong></span> 
     </span>
     <span class='ocr_line' id='line_1_8' title="bbox 36 850 1039 936; baseline -0.001 -21"><span class='ocrx_word' id='word_1_51' title='bbox 36 851 168 936; x_wconf 82' lang='lat' dir='ltr'><strong>gnitatis</strong></span> <span class='ocrx_word' id='word_1_52' title='bbox 188 854 223 914; x_wconf 91' lang='lat' dir='ltr'><strong>et</strong></span> <span class='ocrx_word' id='word_1_53' title='bbox 242 850 359 916; x_wconf 86' lang='lat' dir='ltr'><strong>aetatis</strong></span> <span class='ocrx_word' id='word_1_54' title='bbox 379 854 412 914; x_wconf 89' lang='lat' dir='ltr'><strong>et</strong></span> <span class='ocrx_word' id='word_1_55' title='bbox 434 851 618 915; x_wconf 74' lang='lat' dir='ltr'><strong>nobilitatis</strong></span> <span class='ocrx_word' id='word_1_56' title='bbox 643 872 719 916; x_wconf 88' lang='lat' dir='ltr'><strong>suae</strong></span> <span class='ocrx_word' id='word_1_57' title='bbox 742 851 916 935; x_wconf 69' lang='lat' dir='ltr'><strong>rationem,</strong></span> <span class='ocrx_word' id='word_1_58' title='bbox 939 851 1039 917; x_wconf 88' lang='lat' dir='ltr'><strong>verba</strong></span> 
     </span>
     <span class='ocr_line' id='line_1_9' title="bbox 36 938 1038 1024; baseline 0.001 -21"><span class='ocrx_word' id='word_1_59' title='bbox 36 940 114 1024; x_wconf 85' lang='lat' dir='ltr'><strong>apud</strong></span> <span class='ocrx_word' id='word_1_60' title='bbox 144 943 295 1012; x_wconf 85' lang='lat' dir='ltr'><strong>senatum</strong></span> <span class='ocrx_word' id='word_1_61' title='bbox 321 938 412 1022; x_wconf 86' lang='lat' dir='ltr'><strong>fecit,</strong></span> <span class='ocrx_word' id='word_1_62' title='bbox 439 939 548 1004; x_wconf 90' lang='lat' dir='ltr'><strong>docuit</strong></span> <span class='ocrx_word' id='word_1_63' title='bbox 571 939 612 1002; x_wconf 87' lang='lat' dir='ltr'><strong>ad</strong></span> <span class='ocrx_word' id='word_1_64' title='bbox 635 960 669 1004; x_wconf 92' lang='lat' dir='ltr'><strong>se</strong></span> <span class='ocrx_word' id='word_1_65' title='bbox 691 939 774 1002; x_wconf 89' lang='lat' dir='ltr'><strong>nihil</strong></span> <span class='ocrx_word' id='word_1_66' title='bbox 797 939 971 1022; x_wconf 79' lang='lat' dir='ltr'><strong>pertinere3</strong></span> <span class='ocrx_word' id='word_1_67' title='bbox 999 939 1038 1004; x_wconf 90' lang='lat' dir='ltr'><strong>de</strong></span> 
     </span>
     <span class='ocr_line' id='line_1_10' title="bbox 35 1027 1038 1112; baseline 0 -20"><span class='ocrx_word' id='word_1_68' title='bbox 35 1027 101 1112; x_wconf 88' lang='lat' dir='ltr'><strong>isto,</strong></span> <span class='ocrx_word' id='word_1_69' title='bbox 124 1028 161 1092; x_wconf 92' lang='lat' dir='ltr'><strong>id</strong></span> <span class='ocrx_word' id='word_1_70' title='bbox 180 1027 269 1111; x_wconf 90' lang='lat' dir='ltr'><strong>quod</strong></span> <span class='ocrx_word' id='word_1_71' title='bbox 291 1048 401 1092; x_wconf 90' lang='lat' dir='ltr'><strong>omnes</strong></span> <span class='ocrx_word' id='word_1_72' title='bbox 425 1027 587 1111; x_wconf 84' lang='lat' dir='ltr'><strong>videbant,</strong></span> <span class='ocrx_word' id='word_1_73' title='bbox 609 1048 650 1092; x_wconf 92' lang='lat' dir='ltr'><strong>ne</strong></span> <span class='ocrx_word' id='word_1_74' title='bbox 672 1027 729 1091; x_wconf 94' lang='lat' dir='ltr'><strong>ille</strong></span> <span class='ocrx_word' id='word_1_75' title='bbox 752 1027 881 1110; x_wconf 90' lang='lat' dir='ltr'><strong>quidem</strong></span> <span class='ocrx_word' id='word_1_76' title='bbox 904 1027 1038 1092; x_wconf 90' lang='lat' dir='ltr'><strong>obscure</strong></span> 
     </span>
     <span class='ocr_line' id='line_1_11' title="bbox 9 1113 1066 1202; baseline 0.002 -24"><span class='ocrx_word' id='word_1_77' title='bbox 9 1116 158 1182; x_wconf 74' lang='lat' dir='ltr'><strong>elocutus</strong></span> <span class='ocrx_word' id='word_1_78' title='bbox 193 1119 251 1180; x_wconf 91' lang='lat' dir='ltr'><strong>est.</strong></span> <span class='ocrx_word' id='word_1_79' title='bbox 300 1115 415 1202; x_wconf 82' lang='lat' dir='ltr'><strong>Itaque</strong></span> <span class='ocrx_word' id='word_1_80' title='bbox 446 1115 497 1179; x_wconf 93' lang='lat' dir='ltr'><strong>illi</strong></span> <span class='ocrx_word' id='word_1_81' title='bbox 525 1113 719 1198; x_wconf 81' lang='lat' dir='ltr'><strong>Syracusani</strong></span> <span class='ocrx_word' id='word_1_82' title='bbox 751 1119 895 1180; x_wconf 89' lang='lat' dir='ltr'><strong>statuam</strong></span> <span class='ocrx_word' id='word_1_83' title='bbox 924 1118 1066 1199; x_wconf 78' lang='lat' dir='ltr'><strong>postea</strong></span> 
     </span>
     <span class='ocr_line' id='line_1_12' title="bbox 37 1203 1038 1287; baseline -0.002 -19"><span class='ocrx_word' id='word_1_84' title='bbox 37 1208 228 1286; x_wconf 86' lang='lat' dir='ltr'><strong>statuerunt,</strong></span> <span class='ocrx_word' id='word_1_85' title='bbox 252 1206 285 1268; x_wconf 92' lang='lat' dir='ltr'><strong>et</strong></span> <span class='ocrx_word' id='word_1_86' title='bbox 302 1204 340 1286; x_wconf 91' lang='lat' dir='ltr'><strong>is,</strong></span> <span class='ocrx_word' id='word_1_87' title='bbox 362 1207 400 1268; x_wconf 92' lang='lat' dir='ltr'><strong>ut</strong></span> <span class='ocrx_word' id='word_1_88' title='bbox 417 1204 559 1287; x_wconf 91' lang='lat' dir='ltr'><strong>primum</strong></span> <span class='ocrx_word' id='word_1_89' title='bbox 582 1203 698 1287; x_wconf 89' lang='lat' dir='ltr'><strong>potuit,</strong></span> <span class='ocrx_word' id='word_1_90' title='bbox 722 1203 822 1268; x_wconf 87' lang='lat' dir='ltr'><strong>istum</strong></span> <span class='ocrx_word' id='word_1_91' title='bbox 844 1203 977 1286; x_wconf 88' lang='lat' dir='ltr'><strong>reliquit</strong></span> <span class='ocrx_word' id='word_1_92' title='bbox 1000 1203 1038 1266; x_wconf 95' lang='lat' dir='ltr'><strong>de</strong></span> 
     </span>
     <span class='ocr_line' id='line_1_13' title="bbox 36 1291 1090 1376; baseline -0.004 -18"><span class='ocrx_word' id='word_1_93' title='bbox 36 1293 263 1376; x_wconf 72' lang='lat' dir='ltr'><strong>provinciaque</strong></span> <span class='ocrx_word' id='word_1_94' title='bbox 299 1291 444 1358; x_wconf 88' lang='lat' dir='ltr'><strong>decessit.</strong></span> <span class='ocrx_word' id='word_1_95' title='bbox 494 1292 539 1356; x_wconf 81' lang='lat' dir='ltr'><strong>Et</strong></span> <span class='ocrx_word' id='word_1_96' title='bbox 574 1295 685 1358; x_wconf 89' lang='lat' dir='ltr'><strong>tamen</strong></span> <span class='ocrx_word' id='word_1_97' title='bbox 719 1292 811 1356; x_wconf 90' lang='lat' dir='ltr'><strong>aiunt</strong></span> <span class='ocrx_word' id='word_1_98' title='bbox 842 1313 914 1356; x_wconf 90' lang='lat' dir='ltr'><strong>eum</strong></span> <span class='ocrx_word' id='word_1_99' title='bbox 948 1291 1039 1375; x_wconf 92' lang='lat' dir='ltr'><strong>queri</strong></span> <span class='ocrx_word' id='word_1_100' title='bbox 1057 1305 1090 1354; x_wconf 79' lang='grc'><strong>49</strong></span> 
     </span>
     <span class='ocr_line' id='line_1_14' title="bbox 38 1379 1039 1464; baseline 0 -20"><span class='ocrx_word' id='word_1_101' title='bbox 38 1382 136 1446; x_wconf 88' lang='lat' dir='ltr'><strong>solere</strong></span> <span class='ocrx_word' id='word_1_102' title='bbox 166 1401 236 1445; x_wconf 90' lang='lat' dir='ltr'><strong>non</strong></span> <span class='ocrx_word' id='word_1_103' title='bbox 266 1379 375 1464; x_wconf 90' lang='lat' dir='ltr'><strong>inique</strong></span> <span class='ocrx_word' id='word_1_104' title='bbox 403 1401 438 1444; x_wconf 90' lang='lat' dir='ltr'><strong>se</strong></span> <span class='ocrx_word' id='word_1_105' title='bbox 464 1381 632 1464; x_wconf 88' lang='lat' dir='ltr'><strong>miserum,</strong></span> <span class='ocrx_word' id='word_1_106' title='bbox 665 1381 750 1464; x_wconf 92' lang='lat' dir='ltr'><strong>quod</strong></span> <span class='ocrx_word' id='word_1_107' title='bbox 776 1401 843 1444; x_wconf 91' lang='lat' dir='ltr'><strong>non</strong></span> <span class='ocrx_word' id='word_1_108' title='bbox 869 1379 951 1462; x_wconf 87' lang='lat' dir='ltr'><strong>suis,</strong></span> <span class='ocrx_word' id='word_1_109' title='bbox 983 1379 1039 1444; x_wconf 88' lang='lat' dir='ltr'><strong>sed</strong></span> 
     </span>
     <span class='ocr_line' id='line_1_15' title="bbox 38 1467 1038 1553; baseline 0 -21"><span class='ocrx_word' id='word_1_110' title='bbox 38 1490 164 1534; x_wconf 85' lang='lat' dir='ltr'><strong>suorum</strong></span> <span class='ocrx_word' id='word_1_111' title='bbox 192 1468 333 1553; x_wconf 84' lang='lat' dir='ltr'><strong>peccatis</strong></span> <span class='ocrx_word' id='word_1_112' title='bbox 360 1468 611 1552; x_wconf 86' lang='lat' dir='ltr'><strong>criminibusque</strong></span> <span class='ocrx_word' id='word_1_113' title='bbox 633 1471 808 1552; x_wconf 77' lang='lat' dir='ltr'><strong>prematur.</strong></span> <span class='ocrx_word' id='word_1_114' title='bbox 850 1467 1038 1532; x_wconf 87' lang='lat' dir='ltr'><strong>Triennium</strong></span> 
     </span>
     <span class='ocr_line' id='line_1_16' title="bbox 12 1555 1039 1643; baseline 0 -23"><span class='ocrx_word' id='word_1_115' title='bbox 12 1558 235 1640; x_wconf 73' lang='lat' dir='ltr'><strong>aprovineiem</strong></span> <span class='ocrx_word' id='word_1_116' title='bbox 256 1555 440 1641; x_wconf 71' lang='lat' dir='ltr'><strong>obtinuisti,</strong></span> <span class='ocrx_word' id='word_1_117' title='bbox 463 1577 570 1643; x_wconf 84' lang='lat' dir='ltr'><strong>gener,</strong></span> <span class='ocrx_word' id='word_1_118' title='bbox 592 1558 695 1622; x_wconf 87' lang='lat' dir='ltr'><strong>lectus</strong></span> <span class='ocrx_word' id='word_1_119' title='bbox 720 1556 916 1639; x_wconf 85' lang='lat' dir='ltr'><strong>adulescens,</strong></span> <span class='ocrx_word' id='word_1_120' title='bbox 939 1578 1039 1621; x_wconf 89' lang='lat' dir='ltr'><strong>unum</strong></span> 
     </span>
     <span class='ocr_line' id='line_1_17' title="bbox 39 1643 1039 1730; baseline -0.003 -20"><span class='ocrx_word' id='word_1_121' title='bbox 39 1667 152 1710; x_wconf 88' lang='lat' dir='ltr'><strong>annum</strong></span> <span class='ocrx_word' id='word_1_122' title='bbox 184 1649 292 1710; x_wconf 89' lang='lat' dir='ltr'><strong>teeum</strong></span> <span class='ocrx_word' id='word_1_123' title='bbox 322 1643 401 1727; x_wconf 83' lang='lat' dir='ltr'><strong>fuit,</strong></span> <span class='ocrx_word' id='word_1_124' title='bbox 436 1645 577 1729; x_wconf 89' lang='lat' dir='ltr'><strong>sodales,</strong></span> <span class='ocrx_word' id='word_1_125' title='bbox 612 1645 674 1709; x_wconf 81' lang='lat' dir='ltr'><strong>uiri</strong></span> <span class='ocrx_word' id='word_1_126' title='bbox 705 1643 822 1728; x_wconf 85' lang='lat' dir='ltr'><strong>fortes,</strong></span> <span class='ocrx_word' id='word_1_127' title='bbox 856 1644 958 1730; x_wconf 78' lang='lat' dir='ltr'><strong>legati</strong></span> <span class='ocrx_word' id='word_1_128' title='bbox 989 1645 1039 1708; x_wconf 86' lang='lat' dir='ltr'><strong>tui</strong></span> 
     </span>
     <span class='ocr_line' id='line_1_18' title="bbox 40 1730 1038 1818; baseline -0.002 -20"><span class='ocrx_word' id='word_1_129' title='bbox 40 1735 137 1816; x_wconf 90' lang='lat' dir='ltr'><strong>primo</strong></span> <span class='ocrx_word' id='word_1_130' title='bbox 165 1754 251 1801; x_wconf 89' lang='lat' dir='ltr'><strong>anno</strong></span> <span class='ocrx_word' id='word_1_131' title='bbox 278 1736 312 1797; x_wconf 90' lang='lat' dir='ltr'><strong>tc</strong></span> <span class='ocrx_word' id='word_1_132' title='bbox 339 1732 552 1818; x_wconf 85' lang='lat' dir='ltr'><strong>reliquerunt,</strong></span> <span class='ocrx_word' id='word_1_133' title='bbox 583 1753 666 1798; x_wconf 93' lang='lat' dir='ltr'><strong>unus</strong></span> <span class='ocrx_word' id='word_1_134' title='bbox 694 1732 822 1816; x_wconf 85' lang='lat' dir='ltr'><strong>legatus</strong></span> <span class='ocrx_word' id='word_1_135' title='bbox 849 1731 885 1796; x_wconf 91' lang='lat' dir='ltr'><strong>P.</strong></span> <span class='ocrx_word' id='word_1_136' title='bbox 909 1730 1038 1814; x_wconf 81' lang='lat' dir='ltr'><strong>Tadius,</strong></span> 
     </span>
     <span class='ocr_line' id='line_1_19' title="bbox 40 1819 1040 1904; baseline -0.003 -18"><span class='ocrx_word' id='word_1_137' title='bbox 40 1823 180 1904; x_wconf 88' lang='lat' dir='ltr'><strong>quierat</strong></span> <span class='ocrx_word' id='word_1_138' title='bbox 204 1820 357 1904; x_wconf 89' lang='lat' dir='ltr'><strong>reliquus,</strong></span> <span class='ocrx_word' id='word_1_139' title='bbox 378 1842 445 1886; x_wconf 91' lang='lat' dir='ltr'><strong>non</strong></span> <span class='ocrx_word' id='word_1_140' title='bbox 466 1822 514 1887; x_wconf 92' lang='lat' dir='ltr'><strong>ita</strong></span> <span class='ocrx_word' id='word_1_141' title='bbox 537 1821 677 1886; x_wconf 91' lang='lat' dir='ltr'><strong>multum</strong></span> <span class='ocrx_word' id='word_1_142' title='bbox 699 1823 808 1884; x_wconf 89' lang='lat' dir='ltr'><strong>tecum</strong></span> <span class='ocrx_word' id='word_1_143' title='bbox 830 1819 908 1900; x_wconf 80' lang='lat' dir='ltr'><strong>fuit3</strong></span> <span class='ocrx_word' id='word_1_144' title='bbox 932 1819 988 1902; x_wconf 87' lang='lat' dir='ltr'><strong>qui</strong></span> <span class='ocrx_word' id='word_1_145' title='bbox 1011 1819 1040 1883; x_wconf 90' lang='lat' dir='ltr'><strong>si</strong></span> 
     </span>
     <span class='ocr_line' id='line_1_20' title="bbox 42 1908 1039 1995; baseline -0.001 -24"><span class='ocrx_word' id='word_1_146' title='bbox 42 1931 160 1995; x_wconf 87' lang='lat' dir='ltr'><strong>semper</strong></span> <span class='ocrx_word' id='word_1_147' title='bbox 183 1932 250 1974; x_wconf 85' lang='lat' dir='ltr'><strong>una</strong></span> <span class='ocrx_word' id='word_1_148' title='bbox 272 1913 377 1974; x_wconf 90' lang='lat' dir='ltr'><strong>tecum</strong></span> <span class='ocrx_word' id='word_1_149' title='bbox 399 1909 529 1993; x_wconf 85' lang='lat' dir='ltr'><strong>fuisset,</strong></span> <span class='ocrx_word' id='word_1_150' title='bbox 553 1913 665 1974; x_wconf 88' lang='lat' dir='ltr'><strong>tamen</strong></span> <span class='ocrx_word' id='word_1_151' title='bbox 689 1909 829 1988; x_wconf 89' lang='lat' dir='ltr'><strong>[summa</strong></span> <span class='ocrx_word' id='word_1_152' title='bbox 851 1908 942 1985; x_wconf 87' lang='lat' dir='ltr'><strong>cura]</strong></span> <span class='ocrx_word' id='word_1_153' title='bbox 966 1927 1039 1971; x_wconf 90' lang='lat' dir='ltr'><strong>cum</strong></span> 
     </span>
     <span class='ocr_line' id='line_1_21' title="bbox 14 1993 1039 2083; baseline -0.003 -23"><span class='ocrx_word' id='word_1_154' title='bbox 14 2003 117 2082; x_wconf 67' lang='lat' dir='ltr'><strong>utrae,</strong></span> <span class='ocrx_word' id='word_1_155' title='bbox 139 2003 213 2066; x_wconf 90' lang='lat' dir='ltr'><strong>tum</strong></span> <span class='ocrx_word' id='word_1_156' title='bbox 230 1998 336 2063; x_wconf 89' lang='lat' dir='ltr'><strong>multo</strong></span> <span class='ocrx_word' id='word_1_157' title='bbox 355 1996 454 2063; x_wconf 90' lang='lat' dir='ltr'><strong>etiam</strong></span> <span class='ocrx_word' id='word_1_158' title='bbox 474 1998 580 2083; x_wconf 85' lang='lat' dir='ltr'><strong>magis</strong></span> <span class='ocrx_word' id='word_1_159' title='bbox 604 2017 681 2061; x_wconf 87' lang='lat' dir='ltr'><strong>suae</strong></span> <span class='ocrx_word' id='word_1_160' title='bbox 704 1995 810 2060; x_wconf 86' lang='lat' dir='ltr'><strong>famae</strong></span> <span class='ocrx_word' id='word_1_161' title='bbox 831 1993 1039 2080; x_wconf 86' lang='lat' dir='ltr'><strong>pepercisset.</strong></span> 
     </span>
     <span class='ocr_line' id='line_1_22' title="bbox 43 2082 1155 2170; baseline -0.01 -18"><span class='ocrx_word' id='word_1_162' title='bbox 43 2085 117 2162; x_wconf 78' lang='lat' dir='ltr'><strong>Quid</strong></span> <span class='ocrx_word' id='word_1_163' title='bbox 141 2091 207 2170; x_wconf 89' lang='lat' dir='ltr'><strong>est,</strong></span> <span class='ocrx_word' id='word_1_164' title='bbox 230 2085 315 2170; x_wconf 91' lang='lat' dir='ltr'><strong>quod</strong></span> <span class='ocrx_word' id='word_1_165' title='bbox 337 2088 375 2150; x_wconf 90' lang='lat' dir='ltr'><strong>tu</strong></span> <span class='ocrx_word' id='word_1_166' title='bbox 397 2086 480 2151; x_wconf 88' lang='lat' dir='ltr'><strong>alios</strong></span> <span class='ocrx_word' id='word_1_167' title='bbox 503 2085 656 2151; x_wconf 78' lang='lat' dir='ltr'><strong>accuses?</strong></span> <span class='ocrx_word' id='word_1_168' title='bbox 689 2084 764 2168; x_wconf 91' lang='lat' dir='ltr'><strong>quid</strong></span> <span class='ocrx_word' id='word_1_169' title='bbox 789 2086 852 2166; x_wconf 88' lang='lat' dir='ltr'><strong>est,</strong></span> <span class='ocrx_word' id='word_1_170' title='bbox 876 2104 973 2166; x_wconf 89' lang='lat' dir='ltr'><strong>quam</strong></span> <span class='ocrx_word' id='word_1_171' title='bbox 997 2082 1038 2147; x_wconf 93' lang='lat' dir='ltr'><strong>cb</strong></span> <span class='ocrx_word' id='word_1_172' title='bbox 1150 2096 1155 2141; x_wconf 76' lang='grc' dir='ltr'>ι</span> 
     </span>
     <span class='ocr_line' id='line_1_23' title="bbox 42 2171 1038 2260; baseline 0 -25"><span class='ocrx_word' id='word_1_173' title='bbox 42 2195 101 2240; x_wconf 89' lang='lat' dir='ltr'><strong>rem</strong></span> <span class='ocrx_word' id='word_1_174' title='bbox 119 2179 216 2260; x_wconf 85' lang='lat' dir='ltr'><strong>putes</strong></span> <span class='ocrx_word' id='word_1_175' title='bbox 233 2179 267 2240; x_wconf 91' lang='lat' dir='ltr'><strong>te</strong></span> <span class='ocrx_word' id='word_1_176' title='bbox 285 2177 377 2238; x_wconf 89' lang='lat' dir='ltr'><strong>tuam</strong></span> <span class='ocrx_word' id='word_1_177' title='bbox 395 2174 524 2258; x_wconf 86' lang='lat' dir='ltr'><strong>culpam</strong></span> <span class='ocrx_word' id='word_1_178' title='bbox 546 2195 612 2240; x_wconf 91' lang='lat' dir='ltr'><strong>non</strong></span> <span class='ocrx_word' id='word_1_179' title='bbox 636 2174 730 2238; x_wconf 91' lang='lat' dir='ltr'><strong>modo</strong></span> <span class='ocrx_word' id='word_1_180' title='bbox 755 2171 900 2238; x_wconf 87' lang='lat' dir='ltr'><strong>derivare</strong></span> <span class='ocrx_word' id='word_1_181' title='bbox 923 2171 959 2234; x_wconf 90' lang='lat' dir='ltr'><strong>in</strong></span> <span class='ocrx_word' id='word_1_182' title='bbox 981 2171 1038 2236; x_wconf 89' lang='lat' dir='ltr'><strong>ali-</strong></span> 
     </span>
     <span class='ocr_line' id='line_1_24' title="bbox 44 2258 1092 2347; baseline 0.003 -21"><span class='ocrx_word' id='word_1_183' title='bbox 44 2284 142 2347; x_wconf 87' lang='lat' dir='ltr'><strong>quem,</strong></span> <span class='ocrx_word' id='word_1_184' title='bbox 174 2263 232 2328; x_wconf 87' lang='lat' dir='ltr'><strong>sed</strong></span> <span class='ocrx_word' id='word_1_185' title='bbox 263 2263 498 2329; x_wconf 78' lang='lat' dir='ltr'><strong>communicare</strong></span> <span class='ocrx_word' id='word_1_186' title='bbox 525 2283 598 2328; x_wconf 89' lang='lat' dir='ltr'><strong>cum</strong></span> <span class='ocrx_word' id='word_1_187' title='bbox 626 2261 729 2328; x_wconf 90' lang='lat' dir='ltr'><strong>altero</strong></span> <span class='ocrx_word' id='word_1_188' title='bbox 757 2260 875 2345; x_wconf 80' lang='lat' dir='ltr'><strong>posse?</strong></span> <span class='ocrx_word' id='word_1_189' title='bbox 920 2258 1039 2324; x_wconf 91' lang='lat' dir='ltr'><strong>Nume-</strong></span> <span class='ocrx_word' id='word_1_190' title='bbox 1059 2279 1092 2329; x_wconf 77' lang='lat'><strong>60</strong></span> 
     </span>
     <span class='ocr_line' id='line_1_25' title="bbox 43 2347 1040 2434; baseline 0.001 -23"><span class='ocrx_word' id='word_1_191' title='bbox 43 2357 147 2416; x_wconf 87' lang='lat' dir='ltr'><strong>rantur</strong></span> <span class='ocrx_word' id='word_1_192' title='bbox 164 2351 226 2416; x_wconf 89' lang='lat' dir='ltr'><strong>illa</strong></span> <span class='ocrx_word' id='word_1_193' title='bbox 243 2347 299 2416; x_wconf 88' lang='lat' dir='ltr'><strong>HS</strong></span> <span class='ocrx_word' id='word_1_194' title='bbox 313 2349 383 2420; x_wconf 72' lang='grc' dir='ltr'>ο-οῐ·</span> <span class='ocrx_word' id='word_1_195' title='bbox 402 2349 621 2434; x_wconf 78' lang='lat' dir='ltr'><strong>Syracusanis.</strong></span> <span class='ocrx_word' id='word_1_196' title='bbox 661 2347 712 2414; x_wconf 82' lang='lat' dir='ltr'><strong>Ea</strong></span> <span class='ocrx_word' id='word_1_197' title='bbox 730 2370 824 2432; x_wconf 90' lang='lat' dir='ltr'><strong>quem</strong></span> <span class='ocrx_word' id='word_1_198' title='bbox 846 2348 887 2413; x_wconf 89' lang='lat' dir='ltr'><strong>ad</strong></span> <span class='ocrx_word' id='word_1_199' title='bbox 909 2348 1040 2413; x_wconf 89' lang='lat' dir='ltr'><strong>modum</strong></span> 
     </span>
     <span class='ocr_line' id='line_1_26' title="bbox 15 2436 1040 2526; baseline 0 -26"><span class='ocrx_word' id='word_1_200' title='bbox 15 2439 190 2504; x_wconf 74' lang='lat' dir='ltr'><strong>calistum</strong></span> <span class='ocrx_word' id='word_1_201' title='bbox 204 2443 319 2522; x_wconf 88' lang='lat' dir='ltr'><strong>postea</strong></span> <span class='ocrx_word' id='word_1_202' title='bbox 336 2462 395 2526; x_wconf 91' lang='lat' dir='ltr'><strong>per</strong></span> <span class='ocrx_word' id='word_1_203' title='bbox 412 2439 668 2523; x_wconf 84' lang='lat' dir='ltr'><strong>pseudothyrum</strong></span> <span class='ocrx_word' id='word_1_204' title='bbox 686 2439 899 2520; x_wconf 82' lang='lat' dir='ltr'><strong>revertantur,</strong></span> <span class='ocrx_word' id='word_1_205' title='bbox 917 2436 1040 2502; x_wconf 89' lang='lat' dir='ltr'><strong>tabulis</strong></span> 
     </span>
     <span class='ocr_line' id='line_1_27' title="bbox 45 2525 828 2611; baseline -0.001 -22"><span class='ocrx_word' id='word_1_206' title='bbox 45 2527 127 2591; x_wconf 79' lang='lat' dir='ltr'><strong>vobis</strong></span> <span class='ocrx_word' id='word_1_207' title='bbox 149 2527 366 2611; x_wconf 85' lang='lat' dir='ltr'><strong>testibusque,</strong></span> <span class='ocrx_word' id='word_1_208' title='bbox 388 2526 523 2609; x_wconf 88' lang='lat' dir='ltr'><strong>iudices,</strong></span> <span class='ocrx_word' id='word_1_209' title='bbox 545 2527 680 2611; x_wconf 88' lang='lat' dir='ltr'><strong>planum</strong></span> <span class='ocrx_word' id='word_1_210' title='bbox 700 2525 828 2590; x_wconf 87' lang='lat' dir='ltr'><strong>faciam.</strong></span> 
     </span>
     <span class='ocr_line' id='line_1_28' title="bbox 101 2613 1091 2700; baseline -0.002 -20"><span class='ocrx_word' id='word_1_211' title='bbox 101 2614 150 2680; x_wconf 76' lang='lat' dir='ltr'><strong>nx</strong></span> <span class='ocrx_word' id='word_1_212' title='bbox 181 2615 244 2680; x_wconf 87' lang='lat' dir='ltr'><strong>hae</strong></span> <span class='ocrx_word' id='word_1_213' title='bbox 272 2615 444 2700; x_wconf 87' lang='lat' dir='ltr'><strong>iniquitate</strong></span> <span class='ocrx_word' id='word_1_214' title='bbox 475 2615 571 2680; x_wconf 88' lang='lat' dir='ltr'><strong>istius</strong></span> <span class='ocrx_word' id='word_1_215' title='bbox 604 2618 637 2678; x_wconf 90' lang='lat' dir='ltr'><strong>et</strong></span> <span class='ocrx_word' id='word_1_216' title='bbox 651 2613 880 2698; x_wconf 86' lang='lat' dir='ltr'><strong>improbitate,</strong></span> <span class='ocrx_word' id='word_1_217' title='bbox 911 2613 1040 2693; x_wconf 88' lang='lat' dir='ltr'><strong>iudices,</strong></span> <span class='ocrx_word' id='word_1_218' title='bbox 1050 2615 1091 2678; x_wconf 79' lang='lat'><strong>21</strong></span> 
     </span>
     <span class='ocr_line' id='line_1_29' title="bbox 47 2699 1040 2790; baseline -0.005 -23"><span class='ocrx_word' id='word_1_219' title='bbox 47 2704 122 2784; x_wconf 90' lang='lat' dir='ltr'><strong>quod</strong></span> <span class='ocrx_word' id='word_1_220' title='bbox 147 2703 269 2790; x_wconf 88' lang='lat' dir='ltr'><strong>praeda</strong></span> <span class='ocrx_word' id='word_1_221' title='bbox 296 2725 334 2768; x_wconf 84' lang='lat' dir='ltr'><strong>ex</strong></span> <span class='ocrx_word' id='word_1_222' title='bbox 362 2703 429 2770; x_wconf 89' lang='lat' dir='ltr'><strong>illis</strong></span> <span class='ocrx_word' id='word_1_223' title='bbox 456 2703 550 2768; x_wconf 92' lang='lat' dir='ltr'><strong>bonis</strong></span> <span class='ocrx_word' id='word_1_224' title='bbox 579 2701 620 2769; x_wconf 86' lang='lat' dir='ltr'><strong>ad</strong></span> <span class='ocrx_word' id='word_1_225' title='bbox 647 2703 768 2767; x_wconf 91' lang='lat' dir='ltr'><strong>multos</strong></span> <span class='ocrx_word' id='word_1_226' title='bbox 793 2699 1040 2785; x_wconf 89' lang='lat' dir='ltr'><strong>[Syracusanos]</strong></span> 
     </span>
     <span class='ocr_line' id='line_1_30' title="bbox 47 2788 1041 2876; baseline -0.006 -20"><span class='ocrx_word' id='word_1_227' title='bbox 47 2789 139 2856; x_wconf 82' lang='lat' dir='ltr'><strong>invito</strong></span> <span class='ocrx_word' id='word_1_228' title='bbox 156 2792 281 2876; x_wconf 89' lang='lat' dir='ltr'><strong>populo</strong></span> <span class='ocrx_word' id='word_1_229' title='bbox 304 2796 482 2875; x_wconf 85' lang='lat' dir='ltr'><strong>senatuque</strong></span> <span class='ocrx_word' id='word_1_230' title='bbox 505 2789 707 2875; x_wconf 87' lang='lat' dir='ltr'><strong>Syracusano</strong></span> <span class='ocrx_word' id='word_1_231' title='bbox 731 2792 872 2872; x_wconf 85' lang='lat' dir='ltr'><strong>venerat,</strong></span> <span class='ocrx_word' id='word_1_232' title='bbox 895 2788 954 2852; x_wconf 90' lang='lat' dir='ltr'><strong>illa</strong></span> <span class='ocrx_word' id='word_1_233' title='bbox 977 2807 1041 2851; x_wconf 80' lang='lat' dir='ltr'><strong>sce</strong></span> 
     </span>
     <span class='ocr_line' id='line_1_31' title="bbox 18 2875 1041 2964; baseline -0.008 -20"><span class='ocrx_word' id='word_1_234' title='bbox 18 2876 108 2943; x_wconf 65' lang='lat' dir='ltr'><strong>³⁰lucrer</strong></span> <span class='ocrx_word' id='word_1_235' title='bbox 135 2902 194 2964; x_wconf 90' lang='lat' dir='ltr'><strong>per</strong></span> <span class='ocrx_word' id='word_1_236' title='bbox 222 2879 475 2946; x_wconf 88' lang='lat' dir='ltr'><strong>Theomnastum</strong></span> <span class='ocrx_word' id='word_1_237' title='bbox 508 2883 542 2944; x_wconf 89' lang='lat' dir='ltr'><strong>et</strong></span> <span class='ocrx_word' id='word_1_238' title='bbox 564 2878 797 2944; x_wconf 83' lang='lat' dir='ltr'><strong>Aeschrionem</strong></span> <span class='ocrx_word' id='word_1_239' title='bbox 824 2881 858 2941; x_wconf 91' lang='lat' dir='ltr'><strong>et</strong></span> <span class='ocrx_word' id='word_1_240' title='bbox 884 2875 1041 2956; x_wconf 89' lang='lat' dir='ltr'><strong>Dionyso·</strong></span> 
     </span>
     <span class='ocr_line' id='line_1_32' title="bbox 51 2962 1042 3034; baseline -0.001 -8"><span class='ocrx_word' id='word_1_241' title='bbox 51 2964 152 3034; x_wconf 86' lang='lat' dir='ltr'><strong>dorum</strong></span> <span class='ocrx_word' id='word_1_242' title='bbox 185 2972 218 3032; x_wconf 90' lang='lat' dir='ltr'><strong>et</strong></span> <span class='ocrx_word' id='word_1_243' title='bbox 245 2967 450 3034; x_wconf 83' lang='lat' dir='ltr'><strong>Cleomenem</strong></span> <span class='ocrx_word' id='word_1_244' title='bbox 482 2967 679 3032; x_wconf 83' lang='lat' dir='ltr'><strong>invitissima</strong></span> <span class='ocrx_word' id='word_1_245' title='bbox 710 2965 842 3030; x_wconf 84' lang='lat' dir='ltr'><strong>civitate</strong></span> <span class='ocrx_word' id='word_1_246' title='bbox 869 2963 929 3027; x_wconf 85' lang='lat' dir='ltr'><strong>illa</strong></span> <span class='ocrx_word' id='word_1_247' title='bbox 955 2962 1042 3026; x_wconf 86' lang='lat' dir='ltr'><strong>faeta</strong></span> 
     </span>
     <span class='ocr_line' id='line_1_33' title="bbox 51 3049 1041 3142; baseline -0.008 -22"><span class='ocrx_word' id='word_1_248' title='bbox 51 3060 127 3140; x_wconf 80' lang='lat' dir='ltr'><strong>sunt,</strong></span> <span class='ocrx_word' id='word_1_249' title='bbox 157 3057 299 3142; x_wconf 89' lang='lat' dir='ltr'><strong>primum</strong></span> <span class='ocrx_word' id='word_1_250' title='bbox 330 3061 368 3122; x_wconf 89' lang='lat' dir='ltr'><strong>ut</strong></span> <span class='ocrx_word' id='word_1_251' title='bbox 398 3057 477 3122; x_wconf 89' lang='lat' dir='ltr'><strong>urbs</strong></span> <span class='ocrx_word' id='word_1_252' title='bbox 508 3059 581 3122; x_wconf 88' lang='lat' dir='ltr'><strong>tota</strong></span> <span class='ocrx_word' id='word_1_253' title='bbox 608 3054 817 3139; x_wconf 86' lang='lat' dir='ltr'><strong>spoliaretur,</strong></span> <span class='ocrx_word' id='word_1_254' title='bbox 849 3072 914 3134; x_wconf 91' lang='lat' dir='ltr'><strong>qua</strong></span> <span class='ocrx_word' id='word_1_255' title='bbox 941 3049 979 3114; x_wconf 92' lang='lat' dir='ltr'><strong>de</strong></span> <span class='ocrx_word' id='word_1_256' title='bbox 1006 3071 1041 3112; x_wconf 89' lang='lat' dir='ltr'><strong>re</strong></span> 
     </span>
     <span class='ocr_line' id='line_1_34' title="bbox 50 3137 1042 3221; baseline -0.002 -17"><span class='ocrx_word' id='word_1_257' title='bbox 50 3141 122 3209; x_wconf 85' lang='lat' dir='ltr'><strong>alius</strong></span> <span class='ocrx_word' id='word_1_258' title='bbox 135 3145 216 3216; x_wconf 85' lang='lat' dir='ltr'><strong>mihi</strong></span> <span class='ocrx_word' id='word_1_259' title='bbox 230 3145 320 3211; x_wconf 89' lang='lat' dir='ltr'><strong>locus</strong></span> <span class='ocrx_word' id='word_1_260' title='bbox 338 3145 379 3210; x_wconf 87' lang='lat' dir='ltr'><strong>ad</strong></span> <span class='ocrx_word' id='word_1_261' title='bbox 398 3143 565 3208; x_wconf 88' lang='lat' dir='ltr'><strong>dicendum</strong></span> <span class='ocrx_word' id='word_1_262' title='bbox 585 3146 635 3206; x_wconf 92' lang='lat' dir='ltr'><strong>est</strong></span> <span class='ocrx_word' id='word_1_263' title='bbox 654 3140 859 3221; x_wconf 87' lang='lat' dir='ltr'><strong>constitutus,</strong></span> <span class='ocrx_word' id='word_1_264' title='bbox 877 3141 920 3211; x_wconf 74' lang='lat' dir='ltr'><strong>ut¹</strong></span> <span class='ocrx_word' id='word_1_265' title='bbox 933 3137 1042 3202; x_wconf 86' lang='lat' dir='ltr'><strong>omnia</strong></span> 
     </span>
     <span class='ocr_line' id='line_1_35' title="bbox 51 3226 1041 3318; baseline -0.01 -19"><span class='ocrx_word' id='word_1_266' title='bbox 51 3229 134 3315; x_wconf 75' lang='lat' dir='ltr'><strong>signa</strong></span> <span class='ocrx_word' id='word_1_267' title='bbox 163 3233 226 3298; x_wconf 90' lang='lat' dir='ltr'><strong>iste</strong></span> <span class='ocrx_word' id='word_1_268' title='bbox 258 3255 317 3318; x_wconf 92' lang='lat' dir='ltr'><strong>per</strong></span> <span class='ocrx_word' id='word_1_269' title='bbox 348 3255 403 3298; x_wconf 89' lang='lat' dir='ltr'><strong>eos</strong></span> <span class='ocrx_word' id='word_1_270' title='bbox 434 3231 596 3314; x_wconf 89' lang='lat' dir='ltr'><strong>homines,</strong></span> <span class='ocrx_word' id='word_1_271' title='bbox 629 3250 709 3314; x_wconf 90' lang='lat' dir='ltr'><strong>quos</strong></span> <span class='ocrx_word' id='word_1_272' title='bbox 735 3226 915 3309; x_wconf 84' lang='lat' dir='ltr'><strong>nominavi,</strong></span> <span class='ocrx_word' id='word_1_273' title='bbox 947 3246 1041 3290; x_wconf 88' lang='lat' dir='ltr'><strong>omne</strong></span> 
     </span>
     <span class='ocr_line' id='line_1_36' title="bbox 21 3313 1042 3403; baseline -0.003 -23"><span class='ocrx_word' id='word_1_274' title='bbox 21 3317 120 3384; x_wconf 70' lang='lat' dir='ltr'><strong>uetur</strong></span> <span class='ocrx_word' id='word_1_275' title='bbox 137 3344 174 3386; x_wconf 86' lang='lat' dir='ltr'><strong>ex</strong></span> <span class='ocrx_word' id='word_1_276' title='bbox 192 3321 325 3386; x_wconf 87' lang='lat' dir='ltr'><strong>aedibus</strong></span> <span class='ocrx_word' id='word_1_277' title='bbox 347 3320 456 3403; x_wconf 88' lang='lat' dir='ltr'><strong>sacris,</strong></span> <span class='ocrx_word' id='word_1_278' title='bbox 480 3341 590 3384; x_wconf 89' lang='lat' dir='ltr'><strong>omnes</strong></span> <span class='ocrx_word' id='word_1_279' title='bbox 612 3316 753 3399; x_wconf 89' lang='lat' dir='ltr'><strong>undique</strong></span> <span class='ocrx_word' id='word_1_280' title='bbox 775 3313 906 3380; x_wconf 87' lang='lat' dir='ltr'><strong>tabulas</strong></span> <span class='ocrx_word' id='word_1_281' title='bbox 928 3313 1042 3398; x_wconf 88' lang='lat' dir='ltr'><strong>pietas,</strong></span> 
     </span>
     <span class='ocr_line' id='line_1_37' title="bbox 53 3401 1042 3494; baseline -0.003 -27"><span class='ocrx_word' id='word_1_282' title='bbox 53 3403 170 3473; x_wconf 88' lang='lat' dir='ltr'><strong>deorum</strong></span> <span class='ocrx_word' id='word_1_283' title='bbox 185 3410 322 3494; x_wconf 88' lang='lat' dir='ltr'><strong>denique</strong></span> <span class='ocrx_word' id='word_1_284' title='bbox 336 3409 519 3490; x_wconf 83' lang='lat' dir='ltr'><strong>simulacra,</strong></span> <span class='ocrx_word' id='word_1_285' title='bbox 533 3428 615 3490; x_wconf 88' lang='lat' dir='ltr'><strong>quae</strong></span> <span class='ocrx_word' id='word_1_286' title='bbox 628 3404 737 3488; x_wconf 81' lang='lat' dir='ltr'><strong>vellet,</strong></span> <span class='ocrx_word' id='word_1_287' title='bbox 756 3402 910 3486; x_wconf 82' lang='lat' dir='ltr'><strong>auferret3</strong></span> <span class='ocrx_word' id='word_1_288' title='bbox 929 3401 1042 3468; x_wconf 90' lang='lat' dir='ltr'><strong>deinde</strong></span> 
     </span>
     <span class='ocr_line' id='line_1_38' title="bbox 3 3487 1042 3580; baseline -0.013 -16"><span class='ocrx_word' id='word_1_289' title='bbox 3 3539 4 3564; x_wconf 53' lang='lat' dir='ltr'><strong>t</strong></span> <span class='ocrx_word' id='word_1_290' title='bbox 53 3495 86 3554; x_wconf 76' lang='lat' dir='ltr'><strong>ut</strong></span> <span class='ocrx_word' id='word_1_291' title='bbox 107 3496 138 3560; x_wconf 91' lang='lat' dir='ltr'><strong>in</strong></span> <span class='ocrx_word' id='word_1_292' title='bbox 160 3498 249 3564; x_wconf 87' lang='lat' dir='ltr'><strong>curia</strong></span> <span class='ocrx_word' id='word_1_293' title='bbox 272 3495 454 3580; x_wconf 81' lang='lat' dir='ltr'><strong>Syracusis,</strong></span> <span class='ocrx_word' id='word_1_294' title='bbox 482 3516 576 3578; x_wconf 89' lang='lat' dir='ltr'><strong>quem</strong></span> <span class='ocrx_word' id='word_1_295' title='bbox 599 3495 707 3560; x_wconf 88' lang='lat' dir='ltr'><strong>locum</strong></span> <span class='ocrx_word' id='word_1_296' title='bbox 729 3492 780 3556; x_wconf 91' lang='lat' dir='ltr'><strong>illi</strong></span> <span class='ocrx_word' id='word_1_297' title='bbox 802 3487 1042 3574; x_wconf 78' lang='grc' dir='ltr'><strong><em>βουλευτήριον</em></strong></span> 
     </span>
    </p>
   </div>
   <div class='ocr_carea' id='block_1_3' title="bbox 0 0 1205 3944">
    <p class='ocr_par' dir='ltr' id='par_1_3' title="bbox 0 0 1205 3944">
     <span class='ocr_line' id='line_1_39' title="bbox 0 0 1205 3944; baseline 0 0"><span class='ocrx_word' id='word_1_298' title='bbox 0 0 1205 3944; x_wconf 95' lang='lat' dir='ltr'><strong> </strong></span> 
     </span>
    </p>
   </div>
  </div>
 </body>
</html>
