2470 3936
319 141 387 198 um.
401 143 427 197 v
455 141 533 198 oAP.
552 148 691 210 e1-eee
710 148 859 201 ree-1⁶4.
1024 145 1090 210 489

84 286 187 372 spicio
217 287 368 372 cuiquam
394 289 482 352 esset
506 285 590 371 ulla,
617 286 730 352 deinde
757 287 848 353 iubet
871 287 1012 372 undique
1034 289 1090 354 ho·

84 375 206 440 minem
228 374 512 442 vehementissime
533 374 708 440 verberari.
747 372 951 441 (laedebatur
971 376 1142 460 virgiuum

82 464 118 528 in
142 462 249 528 medio
271 461 344 528 foro
362 462 531 529 Messanae
554 463 633 530 civis
656 463 838 547 Romanus,
859 463 994 547 iudices,
1016 486 1089 530 oum

82 552 210 618 interea
240 550 351 617 nullus
378 552 534 637 gemitus,
564 551 656 617 nulla
682 573 746 617 vox
772 552 837 618 alia
862 552 952 616 illius
979 552 1090 618 miseri

54 640 171 705 einer
196 639 342 706 dolorem
369 639 590 724 crepitumque
618 640 791 727 plagarum
813 639 1005 706 audiebatur
1026 640 1090 706 uisi

82 728 178 794 haec:
211 726 334 794 ‘Giris
360 727 555 794 Romanus
582 727 685 794 eum?
728 727 800 794 Hae
832 749 867 793 se
898 749 1090 794 commemo

82 817 211 882 ratione
245 814 388 883 civitatis
423 815 534 882 omnia
564 816 701 881 verbera
731 816 940 902 depulsurum
972 816 1090 882 crucia·

82 910 219 990 tumque
250 925 271 970 a
301 924 436 990 corpore
468 903 666 970 deiecturum
698 905 935 988 arbitrabatur3
964 904 995 969 is
1023 925 1090 970 uon

83 993 181 1058 modo
199 993 262 1058 hoc
278 1012 345 1058 non
362 990 508 1077 perfecit,
529 996 567 1057 ut
583 992 752 1079 virgarum
768 992 836 1058 rim
855 993 1090 1077 deprecaretur,

43 1098 69 1138 ιο
84 1081 155 1164 sed,
192 1101 266 1146 cum
303 1081 496 1166 imploraret
533 1080 663 1164 saepius
700 1085 936 1167 usurparetque
971 1101 1091 1147 nomen

83 1169 242 1253 civitatis,
271 1189 366 1253 crux,
387 1189 480 1253 crux,
507 1168 653 1253 iuquam,
679 1168 801 1235 infelici
828 1173 863 1235 et
888 1189 1090 1252 aerumnoso,

84 1257 141 1342 qui
171 1277 349 1342 numquam
380 1257 480 1322 iatam
505 1261 633 1342 pestem
658 1256 799 1341 viderat,
829 1257 1088 1343 comparabatur.

150 1348 176 1410 0
194 1365 312 1410 nomeu
330 1344 423 1410 dulce
440 1344 618 1412 libertatis!
648 1367 668 1411 o
690 1346 741 1410 ius
764 1344 917 1412 eximium
938 1349 1071 1412 nostrae
1090 1318 1141 1448 ἓξ

83 1433 240 1500 civitatis!
263 1433 350 1498 olor
362 1432 480 1499 Porcia
493 1433 646 1520 legesque
660 1431 883 1519 Semproniae!
906 1456 926 1500 o
944 1434 1089 1522 graviter

45 1538 70 1580 ra
84 1521 269 1587 desiderata
287 1524 321 1585 et
342 1521 517 1606 aliquando
540 1521 668 1587 reddita
689 1522 778 1607 plebi
795 1522 963 1588 Romanae
985 1521 1089 1588 tribu·

82 1611 169 1676 nicia
185 1610 347 1694 potestas!
378 1609 504 1675 Hucine
521 1609 655 1675 tandem
672 1610 753 1676 haec
771 1609 881 1676 omnia
897 1611 1089 1694 reciderunt,

83 1702 122 1764 ut
157 1695 237 1763 civis
268 1697 435 1762 Romanus
470 1697 506 1762 in
540 1697 708 1782 provincia
738 1698 853 1782 populi
884 1697 1023 1765 Romani
1054 1699 1089 1764 in

84 1783 204 1872 oppido
226 1784 465 1851 foedantem
488 1784 531 1851 ab
553 1807 606 1869 eo,
631 1785 688 1869 qui
709 1786 864 1852 beneficio
886 1787 1001 1872 populi
1022 1786 1089 1852 Ro·

83 1874 174 1940 mani
208 1872 313 1940 fascea
348 1877 384 1939 et
415 1893 541 1940 secures
572 1873 721 1958 haberet,
757 1873 919 1960 deligatus
951 1874 985 1940 in
1015 1873 1088 1940 foro

47 1962 186 2048 ”virgis
225 1962 432 2028 caederetur?
486 1960 591 2038 Quid?
631 1983 706 2028 cum
743 1961 837 2048 ignea
876 1961 1089 2047 ardentesque

83 2051 224 2116 laminae
267 2049 429 2134 ceterique
471 2050 632 2116 cruciatus
675 2049 944 2135 admovebantur,
987 2050 1015 2115 ai
1055 2054 1090 2115 te

83 2139 173 2204 illius
206 2139 323 2204 acerba
354 2137 543 2223 imploratio
575 2142 698 2204 atrox
725 2138 921 2204 miserabilis
947 2159 1016 2204 uon
1040 2139 1090 2204 iu·

83 2226 229 2311 bibebat,
250 2247 292 2291 ue
313 2227 432 2292 civium
456 2226 586 2311 quidem
608 2227 839 2310 Romanorum,
862 2227 918 2311 qui
940 2230 1011 2294 tum
1034 2226 1090 2292 ad·

85 2318 190 2399 erent,
225 2314 306 2380 fletu
337 2318 370 2378 et
402 2314 527 2400 gemitu
557 2315 699 2380 maximo
733 2315 1001 2382 commovebare‘?
1050 2314 1090 2380 In

48 2419 71 2460 2⁶
85 2423 210 2470 erucem
237 2406 274 2468 tu
301 2422 399 2488 agere
426 2423 523 2467 ausus
552 2423 585 2467 es
614 2423 822 2486 quemquam,
850 2401 905 2486 qui
928 2423 962 2468 se
986 2403 1089 2468 civem

84 2489 268 2558 Romanum
287 2511 357 2556 esse
376 2489 517 2556 diceret?
553 2488 655 2554 Nolui
672 2494 742 2556 tam
761 2489 969 2557 vehementer
992 2510 1089 2576 agere

83 2580 145 2646 hoc
172 2580 279 2664 prima
304 2579 445 2662 actione,
475 2577 610 2662 iudicer,
640 2577 745 2661 nolui3
770 2577 899 2642 uidistis
926 2577 1026 2662 enim,
1052 2582 1090 2643 ut

84 2668 184 2734 animi
211 2667 430 2732 multitudinis
456 2665 492 2733 iu
517 2667 618 2732 istum
645 2665 757 2732 dolore
784 2669 818 2731 et
845 2665 919 2730 odio
947 2669 981 2730 et
1005 2687 1089 2731 com·

84 2757 191 2822 munis
227 2755 363 2840 periculi
398 2759 488 2820 metu
521 2755 769 2820 concitarentur.
819 2751 928 2819 Statii
959 2759 1090 2840 egomet

48 2860 71 2902 ω
84 2844 165 2910 mibi
179 2848 249 2910 tum
263 2844 394 2910 modum
411 2843 552 2910 orationi
570 2863 661 2908 meae
679 2845 713 2906 et
727 2840 762 2907 0.
772 2840 968 2925 Numitorio,
987 2841 1089 2925 equiti

82 2931 246 3016 Romano,
276 2932 382 3018 primo
412 2931 551 3015 homiui,
577 2931 656 2996 testi
683 2949 769 3014 meo,
796 2933 829 2995 et
855 2931 916 2996 Μ’.
940 2929 1088 2995 Glabrio·

82 3041 166 3104 nem,
188 3020 222 3084 id
241 3021 329 3106 quod
347 3019 585 3104 sapientissime
604 3018 692 3102 fecit,
714 3017 820 3084 facere
842 3019 983 3084 laetatus
1008 3039 1088 3102 sum,

82 3115 120 3174 ut
146 3109 279 3194 repente
306 3108 477 3174 consilium
503 3108 539 3173 in
561 3106 667 3172 medio
690 3106 877 3172 testimonio
901 3105 1089 3174 dimitteret.

81 3196 215 3264 Etenim
241 3196 427 3280 verebatur,
453 3217 494 3262 ne
520 3195 660 3280 populus
683 3194 850 3260 Romanus
877 3195 919 3259 ab
944 3194 1010 3260 isto
1033 3215 1088 3261 eas

45 3301 69 3342 ³⁵
82 3307 204 3372 poenae
231 3285 448 3369 vi'repetieee
475 3283 652 3368 videretur,
680 3303 761 3368 ques
787 3281 911 3349 ueritus
939 3285 1025 3348 esset
1048 3303 1089 3348 ne

81 3375 145 3440 iste
172 3373 301 3460 legibus
325 3393 363 3440 ac
385 3376 494 3438 vestro
517 3373 636 3438 iudicio
657 3393 725 3439 non
747 3375 837 3438 esset
855 3370 1088 3456 persoluturus.
1225 3399 1226 3406 ¹

81 3461 185 3546 Nunc,
200 3459 353 3545 quoniam
366 3461 458 3542 [iam]
473 3461 678 3546 exploratum
692 3464 743 3526 est
756 3459 914 3544 omnibus,
928 3479 992 3544 quo
1007 3459 1078 3526 loco
1090 3469 1141 3521 loc
1225 3411 1226 3505 i

1218 3575 1225 3700 l
