<?xml version="1.0" encoding="UTF-8"?>
<!DOCTYPE html PUBLIC "-//W3C//DTD XHTML 1.0 Transitional//EN"
    "http://www.w3.org/TR/xhtml1/DTD/xhtml1-transitional.dtd">
<html xmlns="http://www.w3.org/1999/xhtml" xml:lang="en" lang="en">
 <head>
  <title>
</title>
<meta http-equiv="Content-Type" content="text/html;charset=utf-8" />
  <meta name='ocr-system' content='tesseract 3.04.00' />
  <meta name='ocr-capabilities' content='ocr_page ocr_carea ocr_par ocr_line ocrx_word'/>
</head>
<body>
  <div class='ocr_page' id='page_1' title='image "./mtulliiciceroni02mlgoog/mtulliiciceroni02mlgoog_0158.png"; bbox 0 0 2422 3952; ppageno 0'>
   <div class='ocr_carea' id='block_1_1' title="bbox 357 155 1033 222">
    <p class='ocr_par' dir='ltr' id='par_1_1' title="bbox 357 155 1033 222">
     <span class='ocr_line' id='line_1_1' title="bbox 357 155 1033 222; baseline 0 -12"><span class='ocrx_word' id='word_1_1' title='bbox 357 155 434 210; x_wconf 77' lang='lat' dir='ltr'><strong>cnr.</strong></span> <span class='ocrx_word' id='word_1_2' title='bbox 453 160 542 212; x_wconf 86' lang='lat' dir='ltr'><strong>a-1o</strong></span> <span class='ocrx_word' id='word_1_3' title='bbox 560 161 575 221; x_wconf 72' lang='lat' dir='ltr'><strong>s</strong></span> <span class='ocrx_word' id='word_1_4' title='bbox 594 161 707 210; x_wconf 81' lang='lat' dir='ltr'><strong>aa-ao.</strong></span> <span class='ocrx_word' id='word_1_5' title='bbox 992 159 1033 222; x_wconf 80' lang='lat'><strong>41</strong></span> 
     </span>
    </p>
   </div>
   <div class='ocr_carea' id='block_1_2' title="bbox 22 297 1096 3560">
    <p class='ocr_par' dir='ltr' id='par_1_2' title="bbox 22 297 1091 1901">
     <span class='ocr_line' id='line_1_2' title="bbox 53 297 1037 387; baseline 0.006 -23"><span class='ocrx_word' id='word_1_6' title='bbox 53 322 107 364; x_wconf 86' lang='lat' dir='ltr'><strong>sose</strong></span> <span class='ocrx_word' id='word_1_7' title='bbox 126 321 240 365; x_wconf 89' lang='lat' dir='ltr'><strong>nomen</strong></span> <span class='ocrx_word' id='word_1_8' title='bbox 262 298 333 364; x_wconf 86' lang='lat' dir='ltr'><strong>Sex.</strong></span> <span class='ocrx_word' id='word_1_9' title='bbox 356 298 456 366; x_wconf 89' lang='lat' dir='ltr'><strong>Rosci</strong></span> <span class='ocrx_word' id='word_1_10' title='bbox 478 299 517 365; x_wconf 89' lang='lat' dir='ltr'><strong>de</strong></span> <span class='ocrx_word' id='word_1_11' title='bbox 539 297 662 364; x_wconf 88' lang='lat' dir='ltr'><strong>tabulis</strong></span> <span class='ocrx_word' id='word_1_12' title='bbox 686 305 923 384; x_wconf 85' lang='lat' dir='ltr'><strong>exempturum,</strong></span> <span class='ocrx_word' id='word_1_13' title='bbox 946 325 1037 387; x_wconf 75' lang='lat' dir='ltr'><strong>prae</strong></span> 
     </span>
     <span class='ocr_line' id='line_1_3' title="bbox 53 387 1036 472; baseline 0.005 -20"><span class='ocrx_word' id='word_1_14' title='bbox 53 388 92 452; x_wconf 88' lang='lat' dir='ltr'><strong>dia</strong></span> <span class='ocrx_word' id='word_1_15' title='bbox 114 410 209 453; x_wconf 74' lang='lat' dir='ltr'><strong>veona</strong></span> <span class='ocrx_word' id='word_1_16' title='bbox 238 387 306 452; x_wconf 87' lang='lat' dir='ltr'><strong>filio</strong></span> <span class='ocrx_word' id='word_1_17' title='bbox 337 388 548 471; x_wconf 84' lang='lat' dir='ltr'><strong>traditurum,</strong></span> <span class='ocrx_word' id='word_1_18' title='bbox 580 408 716 472; x_wconf 90' lang='lat' dir='ltr'><strong>cumque</strong></span> <span class='ocrx_word' id='word_1_19' title='bbox 748 388 781 452; x_wconf 88' lang='lat' dir='ltr'><strong>id</strong></span> <span class='ocrx_word' id='word_1_20' title='bbox 812 389 860 454; x_wconf 84' lang='lat' dir='ltr'><strong>ita</strong></span> <span class='ocrx_word' id='word_1_21' title='bbox 890 389 1036 457; x_wconf 81' lang='lat' dir='ltr'><strong>futurum</strong></span> 
     </span>
     <span class='ocr_line' id='line_1_4' title="bbox 52 474 1037 564; baseline 0.006 -24"><span class='ocrx_word' id='word_1_22' title='bbox 52 477 76 542; x_wconf 84' lang='lat' dir='ltr'><strong>T.</strong></span> <span class='ocrx_word' id='word_1_23' title='bbox 93 476 220 542; x_wconf 79' lang='lat' dir='ltr'><strong>Roscius</strong></span> <span class='ocrx_word' id='word_1_24' title='bbox 245 474 375 560; x_wconf 82' lang='lat' dir='ltr'><strong>Capito,</strong></span> <span class='ocrx_word' id='word_1_25' title='bbox 399 476 455 559; x_wconf 92' lang='lat' dir='ltr'><strong>qui</strong></span> <span class='ocrx_word' id='word_1_26' title='bbox 478 475 512 540; x_wconf 91' lang='lat' dir='ltr'><strong>in</strong></span> <span class='ocrx_word' id='word_1_27' title='bbox 535 475 644 544; x_wconf 88' lang='lat' dir='ltr'><strong>decem</strong></span> <span class='ocrx_word' id='word_1_28' title='bbox 667 476 788 561; x_wconf 81' lang='lat' dir='ltr'><strong>legatis</strong></span> <span class='ocrx_word' id='word_1_29' title='bbox 811 481 896 560; x_wconf 88' lang='lat' dir='ltr'><strong>erat,</strong></span> <span class='ocrx_word' id='word_1_30' title='bbox 923 501 1037 564; x_wconf 80' lang='lat' dir='ltr'><strong>appro</strong></span> 
     </span>
     <span class='ocr_line' id='line_1_5' title="bbox 52 563 1037 647; baseline 0.003 -18"><span class='ocrx_word' id='word_1_31' title='bbox 52 564 182 642; x_wconf 87' lang='lat' dir='ltr'><strong>mitteret,</strong></span> <span class='ocrx_word' id='word_1_32' title='bbox 200 565 418 647; x_wconf 83' lang='lat' dir='ltr'><strong>crediderunt3</strong></span> <span class='ocrx_word' id='word_1_33' title='bbox 441 563 608 630; x_wconf 75' lang='lat' dir='ltr'>Ameriam</span> <span class='ocrx_word' id='word_1_34' title='bbox 626 585 661 628; x_wconf 89' lang='lat' dir='ltr'><strong>re</strong></span> <span class='ocrx_word' id='word_1_35' title='bbox 679 565 808 630; x_wconf 87' lang='lat' dir='ltr'><strong>inorate</strong></span> <span class='ocrx_word' id='word_1_36' title='bbox 825 571 1037 632; x_wconf 85' lang='lat' dir='ltr'><strong>reverterunt.</strong></span> 
     </span>
     <span class='ocr_line' id='line_1_6' title="bbox 26 652 1039 755; baseline 0.002 -37"><span class='ocrx_word' id='word_1_37' title='bbox 26 653 87 718; x_wconf 77' lang='lat' dir='ltr'><strong>stc</strong></span> <span class='ocrx_word' id='word_1_38' title='bbox 108 653 208 736; x_wconf 88' lang='lat' dir='ltr'><strong>primo</strong></span> <span class='ocrx_word' id='word_1_39' title='bbox 237 674 307 753; x_wconf 82' lang='lat' dir='ltr'><strong>rem</strong></span> <span class='ocrx_word' id='word_1_40' title='bbox 335 652 462 753; x_wconf 80' lang='lat' dir='ltr'><strong>differre</strong></span> <span class='ocrx_word' id='word_1_41' title='bbox 492 652 610 717; x_wconf 77' lang='lat' dir='ltr'><strong>cotidie</strong></span> <span class='ocrx_word' id='word_1_42' title='bbox 642 675 680 753; x_wconf 71' lang='lat' dir='ltr'><strong>ec</strong></span> <span class='ocrx_word' id='word_1_43' title='bbox 710 655 949 755; x_wconf 75' lang='lat' dir='ltr'><strong>procrastinare</strong></span> <span class='ocrx_word' id='word_1_44' title='bbox 981 656 1039 720; x_wconf 89' lang='lat' dir='ltr'><strong>isti</strong></span> 
     </span>
     <span class='ocr_line' id='line_1_7' title="bbox 52 741 1038 918; baseline 0.005 -26"><span class='ocrx_word' id='word_1_45' title='bbox 52 741 550 915; x_wconf 57' lang='lat' dir='ltr'><strong>ttuttutstrutt</strong></span> <span class='ocrx_word' id='word_1_46' title='bbox 572 741 1038 918; x_wconf 57' lang='lat' dir='ltr'><strong>tutuuttrrutr</strong></span> 
     </span>
     <span class='ocr_line' id='line_1_8' title="bbox 53 916 1038 1004; baseline 0.006 -24"><span class='ocrx_word' id='word_1_47' title='bbox 53 917 128 984; x_wconf 83' lang='lat' dir='ltr'><strong>sitias</strong></span> <span class='ocrx_word' id='word_1_48' title='bbox 157 918 247 983; x_wconf 84' lang='lat' dir='ltr'><strong>vitae</strong></span> <span class='ocrx_word' id='word_1_49' title='bbox 278 917 410 984; x_wconf 90' lang='lat' dir='ltr'><strong>huiusce</strong></span> <span class='ocrx_word' id='word_1_50' title='bbox 443 916 513 982; x_wconf 84' lang='lat' dir='ltr'><strong>Sex.</strong></span> <span class='ocrx_word' id='word_1_51' title='bbox 545 916 643 982; x_wconf 81' lang='lat' dir='ltr'><strong>Rosci</strong></span> <span class='ocrx_word' id='word_1_52' title='bbox 674 939 789 1001; x_wconf 85' lang='lat' dir='ltr'><strong>parare</strong></span> <span class='ocrx_word' id='word_1_53' title='bbox 826 941 931 1004; x_wconf 90' lang='lat' dir='ltr'><strong>neque</strong></span> <span class='ocrx_word' id='word_1_54' title='bbox 968 943 1038 986; x_wconf 87' lang='lat' dir='ltr'><strong>sese</strong></span> 
     </span>
     <span class='ocr_line' id='line_1_9' title="bbox 53 1005 1091 1123; baseline 0.006 -55"><span class='ocrx_word' id='word_1_55' title='bbox 53 1006 180 1072; x_wconf 82' lang='lat' dir='ltr'><strong>arbitrari</strong></span> <span class='ocrx_word' id='word_1_56' title='bbox 207 1027 306 1092; x_wconf 85' lang='lat' dir='ltr'><strong>posse</strong></span> <span class='ocrx_word' id='word_1_57' title='bbox 334 1005 454 1072; x_wconf 88' lang='lat' dir='ltr'><strong>diutius</strong></span> <span class='ocrx_word' id='word_1_58' title='bbox 483 1005 623 1071; x_wconf 81' lang='lat' dir='ltr'><strong>alienam</strong></span> <span class='ocrx_word' id='word_1_59' title='bbox 645 1007 814 1090; x_wconf 89' lang='lat' dir='ltr'><strong>pecuniam</strong></span> <span class='ocrx_word' id='word_1_60' title='bbox 836 1007 967 1074; x_wconf 89' lang='lat' dir='ltr'><strong>dom&#39;ino</strong></span> <span class='ocrx_word' id='word_1_61' title='bbox 989 1010 1091 1123; x_wconf 86' lang='lat' dir='ltr'><strong>in-10</strong></span> 
     </span>
     <span class='ocr_line' id='line_1_10' title="bbox 22 1092 1091 1186; baseline 0.003 -28"><span class='ocrx_word' id='word_1_62' title='bbox 22 1095 147 1158; x_wconf 51' lang='lat' dir='ltr'><strong>¹ocolumi</strong></span> <span class='ocrx_word' id='word_1_63' title='bbox 176 1094 333 1180; x_wconf 88' lang='lat' dir='ltr'><strong>optinere.</strong></span> <span class='ocrx_word' id='word_1_64' title='bbox 385 1092 478 1169; x_wconf 82' lang='lat' dir='ltr'><strong>Quod</strong></span> <span class='ocrx_word' id='word_1_65' title='bbox 507 1094 560 1161; x_wconf 89' lang='lat' dir='ltr'><strong>hio</strong></span> <span class='ocrx_word' id='word_1_66' title='bbox 593 1094 691 1160; x_wconf 86' lang='lat' dir='ltr'><strong>simul</strong></span> <span class='ocrx_word' id='word_1_67' title='bbox 723 1098 820 1178; x_wconf 83' lang='lat' dir='ltr'><strong>etque</strong></span> <span class='ocrx_word' id='word_1_68' title='bbox 852 1096 968 1178; x_wconf 85' lang='lat' dir='ltr'><strong>sensit,</strong></span> <span class='ocrx_word' id='word_1_69' title='bbox 999 1097 1038 1161; x_wconf 87' lang='lat' dir='ltr'><strong>ds</strong></span> <span class='ocrx_word' id='word_1_70' title='bbox 1056 1137 1091 1186; x_wconf 75' lang='lat'><strong>2⁷</strong></span> 
     </span>
     <span class='ocr_line' id='line_1_11' title="bbox 54 1182 1039 1271; baseline 0.006 -27"><span class='ocrx_word' id='word_1_71' title='bbox 54 1182 203 1250; x_wconf 84' lang='lat' dir='ltr'><strong>amicorum</strong></span> <span class='ocrx_word' id='word_1_72' title='bbox 231 1186 508 1268; x_wconf 75' lang='lat' dir='ltr'><strong>cognatorumque</strong></span> <span class='ocrx_word' id='word_1_73' title='bbox 535 1183 698 1248; x_wconf 87' lang='lat' dir='ltr'><strong>sententia</strong></span> <span class='ocrx_word' id='word_1_74' title='bbox 724 1182 863 1249; x_wconf 82' lang='lat' dir='ltr'><strong>Romam</strong></span> <span class='ocrx_word' id='word_1_75' title='bbox 891 1184 1039 1271; x_wconf 81' lang='lat' dir='ltr'><strong>confugit</strong></span> 
     </span>
     <span class='ocr_line' id='line_1_12' title="bbox 54 1269 1039 1356; baseline 0.008 -26"><span class='ocrx_word' id='word_1_76' title='bbox 54 1274 76 1331; x_wconf 87' lang='lat' dir='ltr'><strong>et</strong></span> <span class='ocrx_word' id='word_1_77' title='bbox 93 1292 153 1336; x_wconf 87' lang='lat' dir='ltr'><strong>sese</strong></span> <span class='ocrx_word' id='word_1_78' title='bbox 175 1271 216 1337; x_wconf 86' lang='lat' dir='ltr'><strong>ad</strong></span> <span class='ocrx_word' id='word_1_79' title='bbox 242 1270 425 1353; x_wconf 80' lang='lat' dir='ltr'><strong>Caeciliam,</strong></span> <span class='ocrx_word' id='word_1_80' title='bbox 448 1271 471 1352; x_wconf 89' lang='lat'><strong>†</strong></span> <span class='ocrx_word' id='word_1_81' title='bbox 489 1269 627 1356; x_wconf 88' lang='lat' dir='ltr'><strong>Nepotis</strong></span> <span class='ocrx_word' id='word_1_82' title='bbox 649 1271 761 1356; x_wconf 89' lang='lat' dir='ltr'><strong>filiam,</strong></span> <span class='ocrx_word' id='word_1_83' title='bbox 785 1295 883 1356; x_wconf 88' lang='lat' dir='ltr'><strong>quam</strong></span> <span class='ocrx_word' id='word_1_84' title='bbox 905 1273 1039 1338; x_wconf 87' lang='lat' dir='ltr'><strong>honoris</strong></span> 
     </span>
     <span class='ocr_line' id='line_1_13' title="bbox 54 1360 1040 1446; baseline 0.004 -22"><span class='ocrx_word' id='word_1_85' title='bbox 54 1378 127 1424; x_wconf 78' lang='lat' dir='ltr'><strong>oense</strong></span> <span class='ocrx_word' id='word_1_86' title='bbox 140 1360 284 1442; x_wconf 88' lang='lat' dir='ltr'><strong>nomino,</strong></span> <span class='ocrx_word' id='word_1_87' title='bbox 303 1360 451 1442; x_wconf 90' lang='lat' dir='ltr'><strong>contulit,</strong></span> <span class='ocrx_word' id='word_1_88' title='bbox 470 1381 533 1444; x_wconf 87' lang='lat' dir='ltr'><strong>qua</strong></span> <span class='ocrx_word' id='word_1_89' title='bbox 551 1363 645 1443; x_wconf 87' lang='lat' dir='ltr'><strong>pater</strong></span> <span class='ocrx_word' id='word_1_90' title='bbox 662 1381 741 1426; x_wconf 88' lang='lat' dir='ltr'><strong>usus</strong></span> <span class='ocrx_word' id='word_1_91' title='bbox 760 1365 830 1426; x_wconf 87' lang='lat' dir='ltr'><strong>erat</strong></span> <span class='ocrx_word' id='word_1_92' title='bbox 843 1360 1040 1446; x_wconf 81' lang='lat' dir='ltr'><strong>plurimum3</strong></span> 
     </span>
     <span class='ocr_line' id='line_1_14' title="bbox 54 1445 1039 1532; baseline 0.006 -24"><span class='ocrx_word' id='word_1_93' title='bbox 54 1445 148 1530; x_wconf 87' lang='lat' dir='ltr'><strong>inqua</strong></span> <span class='ocrx_word' id='word_1_94' title='bbox 169 1447 321 1531; x_wconf 86' lang='lat' dir='ltr'><strong>muliere,</strong></span> <span class='ocrx_word' id='word_1_95' title='bbox 349 1448 483 1532; x_wconf 84' lang='lat' dir='ltr'><strong>iudices,</strong></span> <span class='ocrx_word' id='word_1_96' title='bbox 514 1447 613 1514; x_wconf 88' lang='lat' dir='ltr'><strong>etiam</strong></span> <span class='ocrx_word' id='word_1_97' title='bbox 635 1469 733 1531; x_wconf 87' lang='lat' dir='ltr'><strong>nuno,</strong></span> <span class='ocrx_word' id='word_1_98' title='bbox 760 1448 794 1514; x_wconf 84' lang='lat' dir='ltr'><strong>id</strong></span> <span class='ocrx_word' id='word_1_99' title='bbox 817 1448 904 1532; x_wconf 88' lang='lat' dir='ltr'><strong>quod</strong></span> <span class='ocrx_word' id='word_1_100' title='bbox 927 1471 1039 1514; x_wconf 91' lang='lat' dir='ltr'><strong>omnes</strong></span> 
     </span>
     <span class='ocr_line' id='line_1_15' title="bbox 31 1536 1040 1625; baseline 0.005 -27"><span class='ocrx_word' id='word_1_101' title='bbox 31 1553 155 1619; x_wconf 82' lang='lat' dir='ltr'><strong>asemper</strong></span> <span class='ocrx_word' id='word_1_102' title='bbox 180 1536 465 1618; x_wconf 82' lang='lat' dir='ltr'><strong>existimaverunt,</strong></span> <span class='ocrx_word' id='word_1_103' title='bbox 495 1536 588 1622; x_wconf 87' lang='lat' dir='ltr'><strong>quasi</strong></span> <span class='ocrx_word' id='word_1_104' title='bbox 616 1537 755 1622; x_wconf 84' lang='lat' dir='ltr'><strong>exempli</strong></span> <span class='ocrx_word' id='word_1_105' title='bbox 778 1559 876 1603; x_wconf 89' lang='lat' dir='ltr'><strong>causa</strong></span> <span class='ocrx_word' id='word_1_106' title='bbox 897 1538 1040 1625; x_wconf 80' lang='lat' dir='ltr'><strong>vestigia</strong></span> 
     </span>
     <span class='ocr_line' id='line_1_16' title="bbox 56 1622 1039 1711; baseline 0.007 -27"><span class='ocrx_word' id='word_1_107' title='bbox 56 1622 152 1706; x_wconf 80' lang='lat' dir='ltr'><strong>antiqui</strong></span> <span class='ocrx_word' id='word_1_108' title='bbox 186 1624 290 1692; x_wconf 82' lang='lat' dir='ltr'><strong>officii</strong></span> <span class='ocrx_word' id='word_1_109' title='bbox 321 1627 498 1690; x_wconf 73' lang='lat' dir='ltr'><strong>remanent.</strong></span> <span class='ocrx_word' id='word_1_110' title='bbox 542 1623 593 1690; x_wconf 77' lang='lat' dir='ltr'><strong>Ea</strong></span> <span class='ocrx_word' id='word_1_111' title='bbox 616 1622 686 1690; x_wconf 86' lang='lat' dir='ltr'><strong>Sex.</strong></span> <span class='ocrx_word' id='word_1_112' title='bbox 713 1624 868 1692; x_wconf 88' lang='lat' dir='ltr'><strong>Roscium</strong></span> <span class='ocrx_word' id='word_1_113' title='bbox 899 1626 1039 1711; x_wconf 88' lang='lat' dir='ltr'><strong>inopem,</strong></span> 
     </span>
     <span class='ocr_line' id='line_1_17' title="bbox 57 1709 1039 1800; baseline 0.008 -29"><span class='ocrx_word' id='word_1_114' title='bbox 57 1709 163 1776; x_wconf 79' lang='lat' dir='ltr'><strong>eiectum</strong></span> <span class='ocrx_word' id='word_1_115' title='bbox 176 1712 276 1778; x_wconf 83' lang='lat' dir='ltr'><strong>domo</strong></span> <span class='ocrx_word' id='word_1_116' title='bbox 292 1717 389 1795; x_wconf 88' lang='lat' dir='ltr'><strong>atque</strong></span> <span class='ocrx_word' id='word_1_117' title='bbox 404 1711 573 1796; x_wconf 87' lang='lat' dir='ltr'><strong>expulsum</strong></span> <span class='ocrx_word' id='word_1_118' title='bbox 593 1734 632 1777; x_wconf 87' lang='lat' dir='ltr'><strong>ex</strong></span> <span class='ocrx_word' id='word_1_119' title='bbox 650 1713 717 1778; x_wconf 88' lang='lat' dir='ltr'><strong>suis</strong></span> <span class='ocrx_word' id='word_1_120' title='bbox 737 1713 841 1797; x_wconf 88' lang='lat' dir='ltr'><strong>bonis,</strong></span> <span class='ocrx_word' id='word_1_121' title='bbox 858 1714 1039 1800; x_wconf 75' lang='lat' dir='ltr'><strong>fugientem</strong></span> 
     </span>
     <span class='ocr_line' id='line_1_18' title="bbox 57 1797 1039 1901; baseline 0.005 -41"><span class='ocrx_word' id='word_1_122' title='bbox 57 1797 190 1866; x_wconf 81' lang='lat' dir='ltr'><strong>latronum</strong></span> <span class='ocrx_word' id='word_1_123' title='bbox 223 1801 294 1865; x_wconf 88' lang='lat' dir='ltr'><strong>tela</strong></span> <span class='ocrx_word' id='word_1_124' title='bbox 325 1804 359 1864; x_wconf 89' lang='lat' dir='ltr'><strong>et</strong></span> <span class='ocrx_word' id='word_1_125' title='bbox 389 1801 494 1866; x_wconf 88' lang='lat' dir='ltr'><strong>minas</strong></span> <span class='ocrx_word' id='word_1_126' title='bbox 527 1800 649 1884; x_wconf 88' lang='lat' dir='ltr'><strong>recepit</strong></span> <span class='ocrx_word' id='word_1_127' title='bbox 685 1801 817 1900; x_wconf 73' lang='lat' dir='ltr'><strong>&lt;tomum</strong></span> <span class='ocrx_word' id='word_1_128' title='bbox 839 1801 1039 1901; x_wconf 28' lang='lat' dir='ltr'><strong>‘hospitique</strong></span> 
     </span>
    </p>

    <p class='ocr_par' dir='ltr' id='par_1_3' title="bbox 34 1888 1039 2062">
     <span class='ocr_line' id='line_1_19' title="bbox 34 1888 1039 2062; baseline 0.004 -24"><span class='ocrx_word' id='word_1_129' title='bbox 34 1908 273 2059; x_wconf 56' lang='lat' dir='ltr'><strong>..tutat</strong></span> <span class='ocrx_word' id='word_1_130' title='bbox 284 1888 778 2062; x_wconf 49' lang='lat' dir='ltr'><strong>fidiipititttaiaiffltt,</strong></span> <span class='ocrx_word' id='word_1_131' title='bbox 794 1889 1039 2062; x_wconf 61' lang='lat' dir='ltr'><strong>ttttttt</strong></span> 
     </span>
    </p>

    <p class='ocr_par' dir='ltr' id='par_1_4' title="bbox 38 2063 1093 2942">
     <span class='ocr_line' id='line_1_20' title="bbox 57 2063 1039 2149; baseline 0.007 -27"><span class='ocrx_word' id='word_1_132' title='bbox 57 2063 124 2128; x_wconf 75' lang='lat' dir='ltr'><strong>visus</strong></span> <span class='ocrx_word' id='word_1_133' title='bbox 143 2066 175 2130; x_wconf 94' lang='lat' dir='ltr'><strong>in</strong></span> <span class='ocrx_word' id='word_1_134' title='bbox 197 2086 273 2132; x_wconf 88' lang='lat' dir='ltr'><strong>reos</strong></span> <span class='ocrx_word' id='word_1_135' title='bbox 297 2087 395 2148; x_wconf 88' lang='lat' dir='ltr'><strong>quam</strong></span> <span class='ocrx_word' id='word_1_136' title='bbox 419 2065 542 2130; x_wconf 88' lang='lat' dir='ltr'><strong>occisus</strong></span> <span class='ocrx_word' id='word_1_137' title='bbox 565 2064 601 2130; x_wconf 93' lang='lat' dir='ltr'><strong>in</strong></span> <span class='ocrx_word' id='word_1_138' title='bbox 622 2065 824 2149; x_wconf 87' lang='lat' dir='ltr'><strong>proscriptos</strong></span> <span class='ocrx_word' id='word_1_139' title='bbox 854 2063 1039 2130; x_wconf 82' lang='lat' dir='ltr'><strong>referretur.</strong></span> 
     </span>
     <span class='ocr_line' id='line_1_21' title="bbox 102 2151 1093 2240; baseline 0.003 -24"><span class='ocrx_word' id='word_1_140' title='bbox 102 2151 178 2220; x_wconf 87' lang='lat' dir='ltr'><strong>Nam</strong></span> <span class='ocrx_word' id='word_1_141' title='bbox 200 2156 379 2240; x_wconf 87' lang='lat' dir='ltr'><strong>postquam</strong></span> <span class='ocrx_word' id='word_1_142' title='bbox 400 2153 458 2218; x_wconf 89' lang='lat' dir='ltr'><strong>isti</strong></span> <span class='ocrx_word' id='word_1_143' title='bbox 475 2152 707 2218; x_wconf 83' lang='lat' dir='ltr'><strong>intellexerunt</strong></span> <span class='ocrx_word' id='word_1_144' title='bbox 724 2175 852 2219; x_wconf 88' lang='lat' dir='ltr'><strong>summa</strong></span> <span class='ocrx_word' id='word_1_145' title='bbox 870 2153 1040 2240; x_wconf 81' lang='lat' dir='ltr'><strong>diligentia</strong></span> <span class='ocrx_word' id='word_1_146' title='bbox 1059 2177 1093 2226; x_wconf 74' lang='lat'><strong>28</strong></span> 
     </span>
     <span class='ocr_line' id='line_1_22' title="bbox 58 2237 1040 2325; baseline 0.01 -27"><span class='ocrx_word' id='word_1_147' title='bbox 58 2237 133 2304; x_wconf 76' lang='lat' dir='ltr'><strong>sitam</strong></span> <span class='ocrx_word' id='word_1_148' title='bbox 156 2241 228 2308; x_wconf 87' lang='lat' dir='ltr'><strong>Sex.</strong></span> <span class='ocrx_word' id='word_1_149' title='bbox 257 2241 355 2306; x_wconf 82' lang='lat' dir='ltr'><strong>Rosci</strong></span> <span class='ocrx_word' id='word_1_150' title='bbox 382 2240 537 2306; x_wconf 85' lang='lat' dir='ltr'><strong>custodiri</strong></span> <span class='ocrx_word' id='word_1_151' title='bbox 563 2262 669 2325; x_wconf 87' lang='lat' dir='ltr'><strong>neque</strong></span> <span class='ocrx_word' id='word_1_152' title='bbox 704 2241 768 2307; x_wconf 91' lang='lat' dir='ltr'><strong>sibi</strong></span> <span class='ocrx_word' id='word_1_153' title='bbox 799 2243 900 2308; x_wconf 89' lang='lat' dir='ltr'><strong>ullam</strong></span> <span class='ocrx_word' id='word_1_154' title='bbox 933 2242 1040 2308; x_wconf 82' lang='lat' dir='ltr'><strong>caedis</strong></span> 
     </span>
     <span class='ocr_line' id='line_1_23' title="bbox 58 2322 1040 2416; baseline 0.008 -29"><span class='ocrx_word' id='word_1_155' title='bbox 58 2322 191 2395; x_wconf 73' lang='lat' dir='ltr'><strong>faciendae</strong></span> <span class='ocrx_word' id='word_1_156' title='bbox 214 2333 414 2415; x_wconf 87' lang='lat' dir='ltr'><strong>potestatem</strong></span> <span class='ocrx_word' id='word_1_157' title='bbox 437 2328 516 2411; x_wconf 88' lang='lat' dir='ltr'><strong>dari,</strong></span> <span class='ocrx_word' id='word_1_158' title='bbox 539 2329 710 2394; x_wconf 87' lang='lat' dir='ltr'><strong>consilium</strong></span> <span class='ocrx_word' id='word_1_159' title='bbox 730 2330 1040 2416; x_wconf 87' lang='lat' dir='ltr'><strong>ceperuntplenum</strong></span> 
     </span>
     <span class='ocr_line' id='line_1_24' title="bbox 38 2415 1040 2502; baseline 0.01 -28"><span class='ocrx_word' id='word_1_160' title='bbox 38 2415 158 2482; x_wconf 83' lang='lat' dir='ltr'><strong>asccleris</strong></span> <span class='ocrx_word' id='word_1_161' title='bbox 181 2422 215 2484; x_wconf 93' lang='lat' dir='ltr'><strong>et</strong></span> <span class='ocrx_word' id='word_1_162' title='bbox 240 2417 401 2501; x_wconf 88' lang='lat' dir='ltr'><strong>audaciae,</strong></span> <span class='ocrx_word' id='word_1_163' title='bbox 423 2421 463 2489; x_wconf 89' lang='lat' dir='ltr'><strong>ut</strong></span> <span class='ocrx_word' id='word_1_164' title='bbox 482 2437 601 2484; x_wconf 82' lang='lat' dir='ltr'><strong>nornen</strong></span> <span class='ocrx_word' id='word_1_165' title='bbox 622 2417 718 2484; x_wconf 88' lang='lat' dir='ltr'><strong>huius</strong></span> <span class='ocrx_word' id='word_1_166' title='bbox 741 2417 780 2482; x_wconf 88' lang='lat' dir='ltr'><strong>de</strong></span> <span class='ocrx_word' id='word_1_167' title='bbox 798 2418 971 2502; x_wconf 89' lang='lat' dir='ltr'><strong>parricidio</strong></span> <span class='ocrx_word' id='word_1_168' title='bbox 990 2419 1040 2484; x_wconf 86' lang='lat' dir='ltr'><strong>de·</strong></span> 
     </span>
     <span class='ocr_line' id='line_1_25' title="bbox 60 2498 1041 2590; baseline 0.01 -28"><span class='ocrx_word' id='word_1_169' title='bbox 60 2498 220 2588; x_wconf 69' lang='lat' dir='ltr'><strong>fomentat</strong></span> <span class='ocrx_word' id='word_1_170' title='bbox 245 2506 285 2570; x_wconf 85' lang='lat' dir='ltr'><strong>ad</strong></span> <span class='ocrx_word' id='word_1_171' title='bbox 308 2527 380 2571; x_wconf 89' lang='lat' dir='ltr'><strong>earn</strong></span> <span class='ocrx_word' id='word_1_172' title='bbox 402 2527 471 2570; x_wconf 89' lang='lat' dir='ltr'><strong>rem</strong></span> <span class='ocrx_word' id='word_1_173' title='bbox 494 2505 637 2590; x_wconf 81' lang='lat' dir='ltr'><strong>aliquem</strong></span> <span class='ocrx_word' id='word_1_174' title='bbox 658 2510 879 2572; x_wconf 78' lang='lat' dir='ltr'><strong>accusatorem</strong></span> <span class='ocrx_word' id='word_1_175' title='bbox 897 2510 1041 2572; x_wconf 81' lang='lat' dir='ltr'><strong>retorem</strong></span> 
     </span>
     <span class='ocr_line' id='line_1_26' title="bbox 62 2593 1041 2679; baseline 0.006 -26"><span class='ocrx_word' id='word_1_176' title='bbox 62 2598 269 2677; x_wconf 81' lang='lat' dir='ltr'><strong>comparerent,</strong></span> <span class='ocrx_word' id='word_1_177' title='bbox 297 2595 352 2678; x_wconf 91' lang='lat' dir='ltr'><strong>qui</strong></span> <span class='ocrx_word' id='word_1_178' title='bbox 379 2593 418 2658; x_wconf 92' lang='lat' dir='ltr'><strong>de</strong></span> <span class='ocrx_word' id='word_1_179' title='bbox 446 2615 484 2659; x_wconf 88' lang='lat' dir='ltr'><strong>ea</strong></span> <span class='ocrx_word' id='word_1_180' title='bbox 510 2609 546 2658; x_wconf 87' lang='lat' dir='ltr'><strong>re</strong></span> <span class='ocrx_word' id='word_1_181' title='bbox 572 2597 684 2678; x_wconf 85' lang='lat' dir='ltr'><strong>posset</strong></span> <span class='ocrx_word' id='word_1_182' title='bbox 711 2593 815 2660; x_wconf 90' lang='lat' dir='ltr'><strong>dicere</strong></span> <span class='ocrx_word' id='word_1_183' title='bbox 843 2595 979 2679; x_wconf 87' lang='lat' dir='ltr'><strong>aliquid,</strong></span> <span class='ocrx_word' id='word_1_184' title='bbox 1006 2595 1041 2659; x_wconf 94' lang='lat' dir='ltr'><strong>in</strong></span> 
     </span>
     <span class='ocr_line' id='line_1_27' title="bbox 63 2681 1042 2767; baseline 0.007 -28"><span class='ocrx_word' id='word_1_185' title='bbox 63 2696 105 2756; x_wconf 85' lang='lat' dir='ltr'><strong>qna</strong></span> <span class='ocrx_word' id='word_1_186' title='bbox 122 2703 152 2745; x_wconf 89' lang='lat' dir='ltr'><strong>rc</strong></span> <span class='ocrx_word' id='word_1_187' title='bbox 173 2683 268 2748; x_wconf 87' lang='lat' dir='ltr'><strong>nulla</strong></span> <span class='ocrx_word' id='word_1_188' title='bbox 290 2682 437 2748; x_wconf 84' lang='lat' dir='ltr'><strong>subesset</strong></span> <span class='ocrx_word' id='word_1_189' title='bbox 467 2681 622 2766; x_wconf 89' lang='lat' dir='ltr'><strong>suspicio,</strong></span> <span class='ocrx_word' id='word_1_190' title='bbox 650 2681 786 2766; x_wconf 88' lang='lat' dir='ltr'><strong>denique</strong></span> <span class='ocrx_word' id='word_1_191' title='bbox 808 2686 860 2766; x_wconf 87' lang='lat' dir='ltr'><strong>ut,</strong></span> <span class='ocrx_word' id='word_1_192' title='bbox 888 2682 1042 2767; x_wconf 88' lang='lat' dir='ltr'><strong>quoniam</strong></span> 
     </span>
     <span class='ocr_line' id='line_1_28' title="bbox 63 2764 1042 2856; baseline 0.004 -26"><span class='ocrx_word' id='word_1_193' title='bbox 63 2764 164 2834; x_wconf 71' lang='lat' dir='ltr'><strong>rumine</strong></span> <span class='ocrx_word' id='word_1_194' title='bbox 189 2793 257 2836; x_wconf 91' lang='lat' dir='ltr'><strong>non</strong></span> <span class='ocrx_word' id='word_1_195' title='bbox 284 2773 450 2855; x_wconf 84' lang='lat' dir='ltr'><strong>poterent,</strong></span> <span class='ocrx_word' id='word_1_196' title='bbox 478 2773 625 2854; x_wconf 86' lang='lat' dir='ltr'><strong>tempore</strong></span> <span class='ocrx_word' id='word_1_197' title='bbox 651 2770 723 2854; x_wconf 81' lang='lat' dir='ltr'><strong>ipro</strong></span> <span class='ocrx_word' id='word_1_198' title='bbox 752 2774 944 2856; x_wconf 78' lang='lat' dir='ltr'><strong>pugnarent.</strong></span> <span class='ocrx_word' id='word_1_199' title='bbox 988 2768 1042 2834; x_wconf 77' lang='lat' dir='ltr'><strong>lte‘</strong></span> 
     </span>
     <span class='ocr_line' id='line_1_29' title="bbox 41 2848 1042 2942; baseline 0.011 -33"><span class='ocrx_word' id='word_1_200' title='bbox 41 2848 127 2935; x_wconf 86' lang='lat' dir='ltr'><strong>oloqui</strong></span> <span class='ocrx_word' id='word_1_201' title='bbox 141 2857 301 2924; x_wconf 90' lang='lat' dir='ltr'><strong>homines:</strong></span> <span class='ocrx_word' id='word_1_202' title='bbox 323 2857 422 2942; x_wconf 77' lang='lat' dir='ltr'><strong>‘quod</strong></span> <span class='ocrx_word' id='word_1_203' title='bbox 439 2857 557 2924; x_wconf 87' lang='lat' dir='ltr'><strong>iudicia</strong></span> <span class='ocrx_word' id='word_1_204' title='bbox 574 2861 643 2922; x_wconf 91' lang='lat' dir='ltr'><strong>tam</strong></span> <span class='ocrx_word' id='word_1_205' title='bbox 662 2858 717 2923; x_wconf 89' lang='lat' dir='ltr'><strong>diu</strong></span> <span class='ocrx_word' id='word_1_206' title='bbox 734 2858 824 2925; x_wconf 86' lang='lat' dir='ltr'><strong>fecta</strong></span> <span class='ocrx_word' id='word_1_207' title='bbox 840 2879 907 2923; x_wconf 91' lang='lat' dir='ltr'><strong>non</strong></span> <span class='ocrx_word' id='word_1_208' title='bbox 925 2861 1042 2939; x_wconf 85' lang='lat' dir='ltr'><strong>essent,</strong></span> 
     </span>
    </p>

    <p class='ocr_par' dir='ltr' id='par_1_5' title="bbox 25 2943 1096 3560">
     <span class='ocr_line' id='line_1_30' title="bbox 25 2943 1042 3030; baseline 0.01 -30"><span class='ocrx_word' id='word_1_209' title='bbox 25 3003 26 3026; x_wconf 29' lang='lat'>2</span> <span class='ocrx_word' id='word_1_210' title='bbox 64 2943 238 3012; x_wconf 85' lang='lat' dir='ltr'><strong>condemnari</strong></span> <span class='ocrx_word' id='word_1_211' title='bbox 260 2968 334 3011; x_wconf 87' lang='lat' dir='ltr'><strong>oum</strong></span> <span class='ocrx_word' id='word_1_212' title='bbox 357 2949 516 3030; x_wconf 87' lang='lat' dir='ltr'><strong>oportere,</strong></span> <span class='ocrx_word' id='word_1_213' title='bbox 539 2945 595 3030; x_wconf 91' lang='lat' dir='ltr'><strong>qui</strong></span> <span class='ocrx_word' id='word_1_214' title='bbox 617 2946 741 3030; x_wconf 87' lang='lat' dir='ltr'><strong>primus</strong></span> <span class='ocrx_word' id='word_1_215' title='bbox 764 2947 800 3010; x_wconf 92' lang='lat' dir='ltr'><strong>in</strong></span> <span class='ocrx_word' id='word_1_216' title='bbox 816 2944 970 3010; x_wconf 88' lang='lat' dir='ltr'><strong>iudicium</strong></span> <span class='ocrx_word' id='word_1_217' title='bbox 989 2944 1042 3010; x_wconf 89' lang='lat' dir='ltr'><strong>ad·</strong></span> 
     </span>
     <span class='ocr_line' id='line_1_31' title="bbox 64 3025 1043 3120; baseline 0.009 -30"><span class='ocrx_word' id='word_1_218' title='bbox 64 3025 148 3097; x_wconf 85' lang='lat' dir='ltr'><strong>ductos</strong></span> <span class='ocrx_word' id='word_1_219' title='bbox 169 3038 268 3118; x_wconf 84' lang='lat' dir='ltr'><strong>esset3</strong></span> <span class='ocrx_word' id='word_1_220' title='bbox 290 3035 365 3099; x_wconf 90' lang='lat' dir='ltr'><strong>huic</strong></span> <span class='ocrx_word' id='word_1_221' title='bbox 389 3037 498 3100; x_wconf 81' lang='lat' dir='ltr'><strong>sutem</strong></span> <span class='ocrx_word' id='word_1_222' title='bbox 520 3038 676 3118; x_wconf 82' lang='lat' dir='ltr'><strong>patronos</strong></span> <span class='ocrx_word' id='word_1_223' title='bbox 699 3038 834 3119; x_wconf 88' lang='lat' dir='ltr'><strong>propter</strong></span> <span class='ocrx_word' id='word_1_224' title='bbox 858 3031 1043 3120; x_wconf 77' lang='lat' dir='ltr'><strong>Chrysogo-</strong></span> 
     </span>
     <span class='ocr_line' id='line_1_32' title="bbox 65 3115 1043 3210; baseline 0.001 -24"><span class='ocrx_word' id='word_1_225' title='bbox 65 3115 233 3210; x_wconf 63' lang='lat' dir='ltr'><strong>tigratianr</strong></span> <span class='ocrx_word' id='word_1_226' title='bbox 263 3122 443 3205; x_wconf 82' lang='lat' dir='ltr'><strong>defuturos3</strong></span> <span class='ocrx_word' id='word_1_227' title='bbox 475 3121 514 3186; x_wconf 90' lang='lat' dir='ltr'><strong>de</strong></span> <span class='ocrx_word' id='word_1_228' title='bbox 541 3122 702 3187; x_wconf 90' lang='lat' dir='ltr'><strong>bonorum</strong></span> <span class='ocrx_word' id='word_1_229' title='bbox 728 3120 913 3187; x_wconf 86' lang='lat' dir='ltr'><strong>venditione</strong></span> <span class='ocrx_word' id='word_1_230' title='bbox 941 3125 974 3187; x_wconf 89' lang='lat' dir='ltr'><strong>et</strong></span> <span class='ocrx_word' id='word_1_231' title='bbox 1003 3122 1043 3187; x_wconf 83' lang='lat' dir='ltr'><strong>dc</strong></span> 
     </span>
     <span class='ocr_line' id='line_1_33' title="bbox 66 3209 1042 3295; baseline 0 -21"><span class='ocrx_word' id='word_1_232' title='bbox 66 3209 110 3269; x_wconf 68' lang='lat' dir='ltr'><strong>tta</strong></span> <span class='ocrx_word' id='word_1_233' title='bbox 131 3212 280 3278; x_wconf 87' lang='lat' dir='ltr'><strong>societate</strong></span> <span class='ocrx_word' id='word_1_234' title='bbox 307 3211 443 3277; x_wconf 85' lang='lat' dir='ltr'><strong>verbum</strong></span> <span class='ocrx_word' id='word_1_235' title='bbox 471 3231 541 3276; x_wconf 86' lang='lat' dir='ltr'><strong>esse</strong></span> <span class='ocrx_word' id='word_1_236' title='bbox 572 3210 733 3277; x_wconf 81' lang='lat' dir='ltr'><strong>facturum</strong></span> <span class='ocrx_word' id='word_1_237' title='bbox 764 3210 942 3294; x_wconf 85' lang='lat' dir='ltr'><strong>neminem3</strong></span> <span class='ocrx_word' id='word_1_238' title='bbox 970 3211 1042 3295; x_wconf 89' lang='lat' dir='ltr'><strong>ipso</strong></span> 
     </span>
     <span class='ocr_line' id='line_1_34' title="bbox 48 3297 1045 3385; baseline 0.015 -38"><span class='ocrx_word' id='word_1_239' title='bbox 48 3297 163 3364; x_wconf 81' lang='lat' dir='ltr'><strong>soonine</strong></span> <span class='ocrx_word' id='word_1_240' title='bbox 187 3300 353 3385; x_wconf 88' lang='lat' dir='ltr'><strong>parricidii</strong></span> <span class='ocrx_word' id='word_1_241' title='bbox 377 3303 410 3364; x_wconf 92' lang='lat' dir='ltr'><strong>et</strong></span> <span class='ocrx_word' id='word_1_242' title='bbox 433 3298 605 3366; x_wconf 86' lang='lat' dir='ltr'><strong>atrocitate</strong></span> <span class='ocrx_word' id='word_1_243' title='bbox 635 3297 778 3364; x_wconf 87' lang='lat' dir='ltr'><strong>criminis</strong></span> <span class='ocrx_word' id='word_1_244' title='bbox 810 3298 893 3382; x_wconf 86' lang='lat' dir='ltr'><strong>fore,</strong></span> <span class='ocrx_word' id='word_1_245' title='bbox 924 3301 961 3363; x_wconf 88' lang='lat' dir='ltr'><strong>ut</strong></span> <span class='ocrx_word' id='word_1_246' title='bbox 991 3298 1045 3363; x_wconf 90' lang='lat' dir='ltr'><strong>hio</strong></span> 
     </span>
     <span class='ocr_line' id='line_1_35' title="bbox 69 3382 1043 3473; baseline 0.006 -30"><span class='ocrx_word' id='word_1_247' title='bbox 69 3382 131 3449; x_wconf 81' lang='lat' dir='ltr'><strong>nullo</strong></span> <span class='ocrx_word' id='word_1_248' title='bbox 150 3389 278 3473; x_wconf 79' lang='lat' dir='ltr'><strong>negotio</strong></span> <span class='ocrx_word' id='word_1_249' title='bbox 302 3389 483 3471; x_wconf 87' lang='lat' dir='ltr'><strong>tolleretur,</strong></span> <span class='ocrx_word' id='word_1_250' title='bbox 506 3409 579 3453; x_wconf 91' lang='lat' dir='ltr'><strong>cum</strong></span> <span class='ocrx_word' id='word_1_251' title='bbox 599 3386 639 3451; x_wconf 83' lang='lat' dir='ltr'><strong>ab</strong></span> <span class='ocrx_word' id='word_1_252' title='bbox 658 3385 749 3452; x_wconf 89' lang='lat' dir='ltr'><strong>nullo</strong></span> <span class='ocrx_word' id='word_1_253' title='bbox 768 3386 917 3451; x_wconf 83' lang='lat' dir='ltr'><strong>defensus</strong></span> <span class='ocrx_word' id='word_1_254' title='bbox 937 3384 1043 3452; x_wconf 70' lang='lat' dir='ltr'><strong>esset?</strong></span> 
     </span>
     <span class='ocr_line' id='line_1_36' title="bbox 70 3461 1096 3560; baseline -0.004 -19"><span class='ocrx_word' id='word_1_255' title='bbox 70 3461 117 3535; x_wconf 74' lang='lat' dir='ltr'><strong>Hoc</strong></span> <span class='ocrx_word' id='word_1_256' title='bbox 135 3477 261 3542; x_wconf 88' lang='lat' dir='ltr'><strong>consilio</strong></span> <span class='ocrx_word' id='word_1_257' title='bbox 286 3481 384 3560; x_wconf 88' lang='lat' dir='ltr'><strong>atque</strong></span> <span class='ocrx_word' id='word_1_258' title='bbox 409 3476 487 3542; x_wconf 86' lang='lat' dir='ltr'><strong>adeo</strong></span> <span class='ocrx_word' id='word_1_259' title='bbox 515 3473 577 3540; x_wconf 91' lang='lat' dir='ltr'><strong>hac</strong></span> <span class='ocrx_word' id='word_1_260' title='bbox 605 3475 747 3540; x_wconf 88' lang='lat' dir='ltr'><strong>amentia</strong></span> <span class='ocrx_word' id='word_1_261' title='bbox 774 3474 920 3558; x_wconf 87' lang='lat' dir='ltr'><strong>impulsi,</strong></span> <span class='ocrx_word' id='word_1_262' title='bbox 948 3489 1096 3554; x_wconf 75' lang='lat' dir='ltr'><strong>quemne</strong></span> 
     </span>
    </p>
   </div>
   <div class='ocr_carea' id='block_1_3' title="bbox 0 0 1221 3952">
    <p class='ocr_par' dir='ltr' id='par_1_6' title="bbox 0 0 1221 3952">
     <span class='ocr_line' id='line_1_37' title="bbox 0 0 1221 3952; baseline 0 0"><span class='ocrx_word' id='word_1_263' title='bbox 0 0 1221 3952; x_wconf 95' lang='lat' dir='ltr'><strong> </strong></span> 
     </span>
    </p>
   </div>
  </div>
 </body>
</html>
