2386 3938
363 168 441 225 cns.
462 176 503 237 ru,
520 175 552 226 ns
570 175 714 236 sss-se.
977 171 1040 238 139

53 310 256 377 diuturnitatis
275 312 412 379 adducta
430 313 487 397 sit,
504 334 571 380 non
588 314 800 399 committam,
818 318 856 380 ut
873 320 943 381 tum
961 316 1041 382 haec

51 421 92 463 res
108 399 270 484 iudicetur,
288 421 360 467 cum
378 401 458 467 haec
474 401 658 486 frequentia
680 403 782 470 totius
800 402 917 468 Italiae
935 403 1041 470 Roma

51 487 223 572 decesserit,
248 510 330 573 quae
352 490 503 555 conuenit
524 512 589 557 uno
613 494 759 575 tempore
781 491 922 575 undique
944 492 1040 556 comi·

52 575 165 659 tiorum,
187 575 340 642 ludorum
363 577 574 662 censendique
597 600 703 644 causa
747 578 853 645 Huius
876 577 986 644 iudicii
1009 584 1042 644 et

34 663 138 728 alaudis
159 664 303 730 sucum
321 670 355 731 et
372 665 558 732 offensionis
575 665 754 751 perieulum
773 672 927 749 uestrum,
949 666 1041 731 labo-

50 772 102 817 rem
115 752 430 837 sollicitudinemque
447 758 604 839 nostram,
623 755 799 840 seientiam,
818 755 895 842 quid
914 759 1041 841 agatur,

50 841 300 925 memoriamque,
332 841 409 925 quid
441 864 461 906 a
493 863 620 926 quoque
652 843 773 910 dictum
805 843 861 928 sit,
894 843 1040 910 omnium

49 932 112 1011 puto
133 949 203 994 esso
226 933 386 1014 oportere.
431 928 563 995 Faciam
585 930 647 996 hoc
668 952 735 996 non
757 953 889 1015 norum,
919 932 976 998 sed
999 931 1040 996 ab
1059 943 1092 992 tc

49 1015 89 1099 iis,
116 1017 168 1100 qui
200 1039 289 1082 nunc
319 1015 481 1103 principes
512 1023 643 1084 nostrae
672 1019 816 1084 civitatis
844 1025 932 1104 sunt,
964 1024 1040 1085 ante

24 1103 163 1187 alnetum,
190 1110 230 1171 ut
259 1105 398 1171 testibus
425 1109 500 1170 utar
527 1107 653 1190 statim;
679 1106 763 1172 illud
790 1129 810 1172 e
837 1129 889 1172 me
911 1128 1040 1190 nouum,

49 1191 160 1276 iudices,
193 1194 413 1280 cognoscetis,
446 1193 531 1278 quod
557 1195 605 1260 ite
633 1199 734 1260 testes
763 1195 973 1278 consttuam,
1003 1201 1042 1260 ut

50 1279 149 1345 crimen
173 1285 287 1348 totum
310 1282 480 1367 explicem,
505 1282 563 1347 ubi
589 1282 622 1346 id
648 1283 920 1371 [interrogando,]
944 1305 1040 1368 argu-

51 1369 145 1434 mentis
164 1374 268 1454 atque
285 1370 432 1436 oratione
450 1371 630 1455 firmavero,
650 1375 721 1436 tum
739 1375 839 1439 testes
859 1372 901 1437 ad
918 1373 1040 1438 crimen

52 1457 282 1537 accommodem,
304 1462 340 1524 ut
362 1458 445 1524 nihil
467 1459 553 1524 inter
575 1458 668 1524 illam
690 1459 847 1526 usitatam
865 1460 1039 1527 accusatic

27 1549 219 1632 crematque
240 1546 326 1611 hanc
342 1568 462 1612 novam
479 1547 618 1630 intersit,
639 1546 703 1612 nisi
721 1547 807 1632 quod
825 1548 860 1614 in
876 1548 936 1615 illa
958 1552 1039 1634 tum,

52 1652 105 1696 cunr
125 1635 234 1700 omnia
260 1635 346 1700 dicta
368 1638 458 1718 sunt,
480 1638 581 1701 testes
606 1634 737 1720 dantur,
759 1635 813 1702 hic
835 1637 870 1701 in
893 1638 1039 1722 singulas

52 1739 88 1783 res
117 1722 293 1806 dabuntur,
329 1726 366 1788 ut
401 1721 467 1787 illis
506 1744 633 1808 quoque
669 1723 780 1789 eadem
816 1724 1041 1810 interrogandi

52 1805 179 1895 incultas,
211 1809 462 1897 argumentandi
490 1809 675 1896 dicendique
704 1811 756 1876 eit.
806 1808 941 1894 siquis
970 1812 1040 1895 erit,

53 1896 93 1978 qni
114 1903 305 1985 perpetuum
334 1899 514 1964 orationem
541 1897 842 1982 accusationemque
871 1897 1040 1981 desideret,

28 1983 135 2051 saltere
147 1988 277 2054 actione
290 1987 412 2070 audiat,
424 2009 509 2053 nunc
521 1987 564 2071 id,
577 1987 664 2072 quod
672 1986 818 2070 iacimus,
831 1988 861 2053 si
868 1986 1040 2052 sanatione

54 2069 178 2161 lauimus,
205 2079 246 2141 ut
273 2075 418 2140 malitiae
445 2075 578 2140 illenim
600 2075 736 2141 consilio
758 2077 872 2141 nostro
896 2083 1040 2142 occurra-

54 2180 114 2245 nus,
132 2163 316 2230 necessario
338 2163 410 2228 fieri
433 2161 615 2250 intellegat.
650 2159 739 2230 Haec
758 2165 883 2250 primae
902 2164 1039 2230 actionis
1058 2172 1092 2224 ts

53 2248 99 2311 erit
117 2252 288 2318 accusatio.
324 2249 470 2318 Dicimus
493 2250 527 2317 Ο.
545 2250 690 2336 Verrem,
712 2275 786 2318 oum
808 2254 912 2320 multa
934 2252 1040 2320 libidi-

54 2356 120 2420 nose,
139 2339 246 2406 multa
268 2339 440 2406 crudeliter
461 2339 496 2404 in
517 2339 603 2424 ciues
625 2339 790 2407 summos
809 2345 906 2427 atque
926 2342 1040 2426 socios,

29 2425 138 2491 snitu
160 2428 197 2493 in
225 2429 303 2493 deos
329 2428 540 2512 hominesque
562 2427 684 2494 nefarie
705 2427 832 2514 fecefit,
856 2435 926 2495 tum
949 2439 1039 2516 prae

54 2512 122 2579 terea
134 2517 272 2600 quadrin
297 2516 421 2582 entiens
436 2515 623 2582 sestertium
637 2535 675 2581 ex
689 2513 799 2583 Sicilia
817 2523 931 2585 contra
948 2519 1038 2604 leges

55 2599 215 2670 abstulisse.
295 2626 333 2671 oc
359 2603 513 2688 testibus,
541 2605 604 2669 hoc
630 2603 752 2672 tabulis
774 2606 911 2691 priuatis
934 2606 1039 2690 publi·

55 2685 140 2772 eisque
166 2692 418 2759 auctoritatibus
444 2692 494 2757 ita
519 2692 613 2757 vohis
640 2693 774 2779 planum
800 2693 970 2776 faciemus,
1001 2697 1038 2757 ut

55 2770 99 2841 hoe
125 2781 293 2865 statuatis,
324 2780 453 2846 etiami
485 2780 627 2866 spatium
660 2779 701 2846 ad
728 2781 897 2848 dicendum
923 2784 1036 2845 nostro

31 2869 201 2934 ”ammodo
219 2890 401 2953 vacuosque
420 2865 488 2933 dies
506 2867 741 2955 habuissemus,
764 2873 874 2935 tamen
891 2865 1038 2936 oratione

56 2947 132 3038 longe
152 2957 236 3022 nihil
260 2978 340 3043 opus
363 2956 471 3023 fuisse.
517 2955 601 3022 Diui.
