2392 3944
155 168 220 232 214
456 163 495 219 ΙΝ
513 161 542 219 0.
557 161 712 218 VERREM
730 161 808 218 ACT.
828 163 862 218 II.

105 311 308 376 l'liubentur
325 307 490 394 postridie.
531 305 703 373 Heraclius
725 307 860 390 interea,
882 330 957 374 curn
979 329 1084 374 ornnes
1104 310 1141 373 iu·

156 399 255 464 sidias
272 396 413 462 fortunis
432 396 498 461 suis
517 417 537 460 a
555 399 705 480 praetore
727 396 799 460 fieri
821 395 956 480 videret,
979 398 1063 481 capit
1083 418 1143 462 con

156 488 266 554 silium
293 486 332 551 de
360 485 536 552 amicorum
564 487 597 549 et
624 483 880 569 propinquorum
908 485 1067 550 sententia
1089 507 1145 550 non
1183 566 1184 570 Ἰ

157 577 268 643 adesse
301 574 342 640 ad
372 572 524 638 iudicium
551 572 661 656 itaque
687 572 747 636 illa
773 575 868 638 nocte
896 571 1061 662 Syracusis
1085 595 1146 658 pro

156 665 252 752 fugit.
288 662 356 728 Iste
370 660 528 746 postridie
547 681 651 744 mane,
671 681 744 726 eum
763 661 867 726 multo
887 661 1045 726 maturius
1063 683 1148 745 quam
1166 678 1183 709 2

158 773 311 837 umquam
338 753 434 816 antea
461 748 665 833 surrexisset,
691 748 812 814 iudices
840 749 936 814 citari
958 749 1056 814 iubet.
1092 749 1148 814 Ubi
1181 780 1183 787 s

158 839 315 925 comperit
342 837 528 904 Heraclium
560 859 627 903 non
658 835 783 921 adesse,
815 858 931 924 cogere
957 837 1071 923 incipit
1095 859 1148 918 eos,
1181 870 1183 873 ·

157 931 195 994 ut
223 928 392 992 absentem
417 925 605 992 Heraclium
634 926 855 991 condemnent.
899 925 956 990 Illi
983 948 1058 992 eum
1078 947 1149 992 com·
1179 956 1184 983 ι

159 1015 391 1100 monefaciunt,
413 1018 464 1098 ut,
487 1015 515 1080 si
533 1014 597 1078 sibi
614 1014 776 1099 videatur,
797 1017 912 1079 utatur
928 1014 1081 1080 instituto
1101 1035 1148 1078 suc

159 1127 217 1172 nec
236 1108 334 1192 cogat
352 1106 427 1169 ante
449 1102 565 1170 horam
588 1102 745 1168 decimam
769 1100 807 1167 de
831 1102 966 1167 absente
990 1103 1149 1184 secundun
1182 1134 1184 1151 ·

107 1197 364 1280 repraesentem
385 1190 539 1275 iudicare3
561 1191 747 1275 impetrant.
787 1189 918 1256 Interea
940 1212 1020 1256 sane
1042 1195 1149 1277 pertur-

160 1283 257 1348 batus
277 1286 310 1346 et
327 1281 398 1367 ipse
417 1279 535 1345 eteius
554 1279 650 1345 amici
669 1284 701 1344 et
719 1279 898 1344 consiliarii
920 1280 1060 1345 moleste
1080 1280 1150 1344 ferre

160 1374 334 1456 coeperrmt
367 1367 554 1434 Heraclium
590 1367 787 1454 profugiss03
822 1366 986 1453 putabant
1022 1367 1150 1433 absentis
1185 1375 1186 1434 ]

160 1458 412 1540 damnationem,
439 1456 632 1542 praesertim
659 1459 770 1522 tantae
795 1455 965 1540 pecuniae,
993 1457 1096 1522 multo
1116 1457 1151 1520 in·

159 1545 366 1611 vidiosiorem
392 1543 476 1626 fore,
508 1565 606 1628 quam
634 1544 664 1609 si
689 1565 842 1630 praesens
870 1543 1046 1610 damnatus
1073 1496 1186 1623 essetd

124 1631 209 1722 ‚Eo
237 1631 421 1715 accedebat,
449 1632 535 1716 quod
561 1631 681 1698 iudices
709 1653 727 1697 e
754 1633 826 1719 lege
848 1632 982 1717 Rupilia
1009 1633 1076 1698 dati
1099 1653 1153 1697 non
1186 1665 1187 1700 l

161 1726 267 1806 erant3
285 1720 389 1786 multo
404 1721 504 1786 etiam
519 1742 588 1785 rem
605 1721 785 1805 turpiorem
804 1720 901 1802 [fora]
920 1725 954 1786 et
972 1721 1152 1808 iniquiorem

160 1812 267 1877 risum
298 1810 339 1875 iri
369 1809 613 1896 intellegebant.
663 1808 778 1893 Itaque
808 1809 871 1875 hoc
900 1809 978 1875 dum
1005 1811 1153 1897 corrigere

159 1891 244 1984 iolt,
272 1898 416 1985 apertior
442 1897 510 1965 eius
534 1896 693 1982 cupiditas
715 1897 974 1982 improbitasque
996 1898 1085 1965 faeta
1106 1903 1153 1962 est
1187 1961 1188 1966 ,

159 1986 246 2053 Nam
273 1987 340 2051 illis
369 1986 509 2071 quinque
535 1985 695 2050 iudicibus
722 1986 772 2051 uti
799 2007 833 2051 se
859 1989 974 2073 negat3
1002 1988 1104 2070 iubet,
1128 1985 1188 2048 ida

162 2074 248 2159 quod
270 2074 363 2137 initio
386 2075 459 2158 lege
479 2072 612 2156 Rupilia
633 2074 704 2138 fieri
727 2077 926 2160 oportuerat,
948 2075 1046 2141 citari
1066 2073 1155 2139 Hera·

161 2162 259 2226 elium
277 2165 310 2225 et
328 2180 393 2242 eos,
416 2159 472 2242 qui
494 2159 598 2224 dicam
622 2161 833 2246 scripserant3
855 2163 903 2227 ait
926 2183 960 2228 se
983 2163 1103 2230 iudices
1123 2185 1154 2226 er

160 2249 233 2333 lege
264 2247 349 2312 velle
380 2246 499 2312 sortiri.
549 2247 642 2324 Quod
670 2250 711 2314 ab
739 2271 777 2315 eo
804 2251 920 2335 pridie,
952 2274 1027 2317 cum
1054 2251 1154 2317 multis

160 2335 303 2402 lacrimis
332 2356 405 2400 cum
432 2339 541 2400 oraret
568 2340 665 2421 atque
689 2338 887 2422 obsecraret,
913 2338 1085 2406 Heraclius
1107 2341 1156 2404 im-

161 2427 290 2510 petrare
307 2444 374 2489 non
391 2426 552 2508 potuerat,
574 2424 608 2488 id
626 2425 656 2490 ei
673 2427 830 2510 postridie
848 2428 993 2492 venitin
1015 2433 1184 2506 montena

161 2535 200 2578 ex
235 2513 308 2598 lege
339 2511 472 2597 Rupilia
505 2513 617 2578 sortiri
647 2513 735 2580 dicas
768 2518 928 2599 oportere.
977 2515 1094 2582 Educit
1124 2536 1155 2578 er

160 2622 241 2668 urna
268 2600 343 2684 tris3
374 2600 440 2684 his,
471 2605 507 2665 ut
535 2601 702 2668 absentem
728 2600 916 2668 Heraclium
943 2605 1155 2684 condemnent,

160 2691 313 2776 imperat,
335 2688 446 2773 itaque
469 2689 692 2755 condemnant.

108 2791 143 2841 43
218 2777 330 2862 Quae,
352 2777 487 2860 malum,
510 2777 576 2842 ista
597 2777 660 2842 fuit
683 2779 839 2844 amentia!
872 2782 1039 2865 ecquando
1060 2785 1093 2846 te
1114 2802 1156 2844 ra·

160 2867 283 2932 tionem
296 2866 458 2932 factorum
471 2868 603 2932 tuorum
615 2866 816 2932 redditurum
829 2869 978 2953 putasti?
1001 2868 1155 2954 ecquando
1167 2883 1186 2921 a

160 2954 212 3019 his
227 2955 378 3020 derebus
396 2955 480 3019 tales
498 2953 586 3020 viros
605 2954 771 3024 audituros
791 2955 1009 3024 existimasti?
1031 2958 1156 3023 Petatur

160 3041 323 3107 hereditas
348 3045 426 3125 [aa],
450 3063 531 3126 quae
554 3043 646 3107 nulla
669 3043 817 3127 debetur,
839 3044 875 3109 in
895 3046 1051 3129 praedam
1072 3065 1156 3132 prae

161 3127 264 3193 toris?
296 3129 522 3215 interponatur
553 3151 672 3196 nomen
699 3131 863 3198 civitatis?
894 3133 1081 3218 imponatur
1106 3134 1155 3197 bo·

160 3218 272 3280 nostae
300 3217 426 3282 civitati
453 3217 643 3303 turpissima
668 3240 806 3302 persona
829 3221 1031 3288 calumniae?
1062 3241 1155 3304 neque

160 3303 223 3366 hoe
242 3304 356 3402 solum,
376 3305 432 3368 red
450 3305 498 3370 ita
516 3327 567 3406 res
587 3309 714 3391 agatur,
736 3311 832 3374 utne
851 3310 1017 3376 simulatio
1037 3309 1187 3394 quideme

46 3487 50 3496 .
161 3392 1156 3571 :callucterreatur{almadana
