2470 3936
148 152 215 218 460
451 149 491 204 In
510 148 539 204 G.
553 146 709 203 VERREM
727 145 806 202 Aen.
825 145 861 200 11.
927 147 931 156 '

96 312 131 361 84
147 317 267 362 nomen
290 294 465 380 attingunt.
507 292 535 357 0
558 290 590 357 di
612 291 830 357 immortales!
864 289 965 374 quid?
992 289 1150 354 siliarum

148 385 295 470 ipsarum
313 382 484 448 civitatum
505 380 674 464 militibus,
696 379 847 464 navibus,
867 377 1041 444 nauarchis
1063 375 1151 461 Syra

150 493 287 539 cusanus
311 469 500 536 Cleomenes
531 469 641 535 iussus
673 471 724 532 est
752 468 929 552 imperare,
961 487 1027 531 non
1052 466 1152 531 omnis

149 561 254 626 honos
272 559 314 624 ab
332 559 398 624 isto
418 557 599 643 dignitatis,
621 555 799 640 aequitatis
822 555 987 639 officiique
1011 553 1153 618 sublatus

151 650 222 715 ost?
267 647 402 731 Ecquod
428 645 464 710 iu
486 643 598 710 Sicilia
624 645 749 709 bellum
776 643 952 730 gessimus,
980 642 1059 726 quin
1080 640 1177 708 (lan-⁵

150 736 302 822 turipinis
317 734 423 817 sociis,
442 731 655 816 Syracusanis
668 731 821 797 hostibus
838 730 1028 796 uteremur?
1051 729 1155 815 Atque

149 826 230 891 haec
244 845 305 910 ego
320 823 361 888 ad
375 821 567 886 memoriam
581 820 766 905 vetustatis,
783 839 850 884 non
866 818 910 884 ad
928 818 1154 884 contumeliam

150 913 292 979 civitatis
310 909 425 976 referri
442 909 527 974 volo.
564 909 679 992 Itaque
697 908 755 972 ille
776 908 828 972 vir
850 907 1053 972 clarissimus
1077 929 1155 972 sum·

151 1021 286 1085 musque
304 999 491 1084 imperator,
513 996 558 1062 M.
570 996 755 1079 Marcellus,
777 996 868 1061 cuius
890 995 1015 1060 virtute
1038 999 1154 1080 captas,

151 1087 373 1155 misericordia
397 1088 608 1152 conservatae
631 1088 709 1148 sunt
732 1081 926 1168 Syracusae,
953 1083 1104 1148 habitare
1122 1084 1187 1146 inu

152 1200 191 1243 ea
214 1179 308 1262 parte
328 1174 434 1261 urbis,
458 1195 540 1257 quae
563 1173 597 1238 in
618 1170 732 1236 Insula
755 1176 818 1256 est,
846 1169 1086 1256 Syracusanum
1106 1193 1154 1236 ne

151 1266 273 1330 minem
304 1263 423 1346 voluit,
457 1260 568 1345 bodie,
602 1259 749 1344 inquam,
786 1257 1027 1344 Syracusanum
1057 1261 1092 1324 in
1121 1281 1154 1324 ea

151 1357 245 1438 parte
272 1351 422 1416 habitare
448 1369 516 1414 non
542 1349 632 1432 licet3
660 1351 711 1413 est
738 1347 823 1412 enim
850 1348 956 1432 locus,
985 1369 1082 1432 quem
1106 1349 1153 1414 vel

151 1440 247 1526 pauci
269 1439 399 1522 possint
422 1436 599 1502 defendere.
635 1433 849 1501 Committere
872 1435 976 1522 igitur
999 1459 1074 1502 eum
1094 1457 1153 1501 non

151 1526 349 1592 fidelissimis
367 1523 554 1609 hominibus
572 1523 687 1608 noluit,
706 1523 803 1588 simul
822 1524 909 1608 quod
928 1525 971 1590 ab
989 1524 1051 1591 illa
1067 1528 1151 1610 parte
1163 1537 1184 1580 ¹⁵

151 1615 242 1680 urbis
264 1613 402 1678 navibus
426 1611 534 1678 aditus
558 1634 597 1677 ex
620 1613 688 1677 alto
712 1616 770 1676 est.
807 1611 913 1688 Quam
936 1612 980 1677 ob
1003 1631 1083 1698 rem,
1103 1612 1152 1697 qui

151 1707 283 1770 nostros
310 1700 469 1766 exercitus
497 1721 594 1785 saepe
622 1701 838 1785 excluserant,
863 1700 905 1765 iis
929 1701 1076 1766 claustra
1097 1701 1153 1766 loci

99 1798 133 1848 85
153 1789 386 1858 committenda
399 1811 466 1854 uon
480 1787 688 1854 existimavit.
719 1787 812 1872 Vide,
830 1788 908 1872 quid
925 1789 1060 1854 intersit
1076 1790 1153 1854 inter

152 1885 243 1945 tuam
266 1878 435 1944 libidinem
458 1877 681 1960 maiorumque
704 1876 942 1962 auctoritatem,
964 1877 1054 1942 inter
1075 1899 1153 1943 arno-

153 1990 221 2033 rem
257 1967 464 2050 furoremque
501 1968 594 2030 tuum
626 1968 659 2028 et
693 1965 825 2029 illorum
857 1965 1032 2030 consilium
1064 1971 1184 2050 atquea

152 2055 368 2141 prudentiam.
398 2054 455 2118 Illi
469 2053 592 2118 aditum
607 2052 716 2118 litoris
730 2049 942 2136 Syracusanis
960 2053 1153 2136 ademerunt,

152 2149 189 2208 tu
215 2142 388 2224 imperium
417 2141 627 2207 maritumum
650 2140 851 2224 concessisti3
878 2140 929 2204 illi
952 2141 1152 2207 habitarem

153 2251 190 2294 eo
222 2230 294 2293 loco
325 2226 576 2313 Syracusanum,
609 2250 673 2311 qua
703 2249 803 2293 naves
835 2229 985 2293 accedere
1017 2233 1151 2315 possent,

151 2316 336 2400 noluerunt,
358 2319 395 2380 tu
414 2315 513 2380 classi
535 2319 569 2380 et
590 2316 728 2381 navibus
748 2313 988 2400 Syracusanum
1009 2338 1151 2403 pracesse

11 2455 12 2458 ,
152 2405 300 2488 voluisti3
324 2403 441 2488 quibus
459 2403 510 2470 illi
532 2403 622 2468 urbis
646 2425 723 2468 suae
744 2408 873 2488 partem
896 2405 1097 2491 ademerunt,
1115 2406 1183 2470 fisa

152 2498 190 2559 tu
207 2492 313 2559 nostri
331 2491 460 2577 imperii
481 2495 609 2576 partem
631 2492 749 2556 dedisti
772 2495 815 2576 et,
837 2513 975 2576 quorum
999 2495 1151 2560 sociorum

153 2603 252 2667 opera
271 2579 464 2665 Syracusani
482 2579 576 2644 nobis
596 2579 682 2644 dicto
701 2579 868 2646 audientes
887 2583 972 2664 sunt,
991 2602 1049 2646 eos
1068 2582 1151 2666 Syra·

11 2677 12 2694 ¹
100 2720 142 2786 33
152 2691 272 2736 cusano
296 2668 383 2733 dicto
406 2667 572 2732 audientes
595 2689 666 2732 esse
688 2667 823 2732 iussisti.

11 2761 12 2766 ’
99 2796 133 2848 86
218 2756 396 2844 Egreditur
416 2755 452 2820 in
475 2753 685 2841 Centuripina
708 2755 905 2840 quadriremi
927 2754 1152 2824 Olaomonoso

152 2849 263 2930 portu,
287 2843 433 2928 sequitur
455 2841 635 2928 Segestana
655 2843 762 2927 navis,
784 2843 1020 2929 Tyndaritana,
1042 2845 1183 2912 Herbin

152 2933 268 3018 tensis,
299 2931 533 3017 Heracliensis,
558 2931 816 3017 Apolloniensis,
842 2931 1039 3018 Haluntina,
1067 2955 1150 3020 prae·

153 3021 241 3086 clara
273 3018 387 3086 classis
424 3019 543 3106 specie,
579 3019 635 3084 sed
669 3020 764 3106 inops
797 3024 830 3087 ct
863 3021 992 3087 infirma
1022 3027 1151 3108 proptor

153 3107 375 3173 dimissionem
388 3111 668 3192 propugnatorum
687 3112 784 3191 atque
801 3109 970 3195 remigum.
1002 3109 1086 3176 'l'arn
1103 3111 1149 3176 diu

151 3195 186 3260 in
217 3195 353 3280 imperio
385 3216 444 3260 suo
476 3196 613 3260 classem
645 3195 708 3261 iste
739 3200 872 3280 praetor
898 3197 1040 3283 diligens
1067 3199 1150 3284 vidit,

153 3302 250 3364 quam
285 3283 340 3346 diu
373 3282 557 3348 convivium
589 3282 658 3348 eius
689 3283 983 3369 flagitiosissimum
1013 3292 1182 3371 praeter-s

152 3369 245 3432 vecta
272 3371 334 3448 est3
360 3369 430 3450 ipse
458 3373 581 3453 aaran,
613 3371 669 3452 qui
694 3371 783 3435 visus
811 3371 924 3437 multis
951 3373 1065 3439 diebus
1091 3395 1150 3440 nou

152 3454 251 3529 esset,
278 3452 348 3513 tum
376 3473 410 3516 ae
438 3457 549 3520 tamen
572 3457 608 3522 in
631 3463 839 3540 conspectum
859 3461 969 3525 nautis
991 3462 1149 3546 paulisper
