<?xml version="1.0" encoding="UTF-8"?>
<!DOCTYPE html PUBLIC "-//W3C//DTD XHTML 1.0 Transitional//EN"
    "http://www.w3.org/TR/xhtml1/DTD/xhtml1-transitional.dtd">
<html xmlns="http://www.w3.org/1999/xhtml" xml:lang="en" lang="en">
 <head>
  <title>
</title>
<meta http-equiv="Content-Type" content="text/html;charset=utf-8" />
  <meta name='ocr-system' content='tesseract 3.04.00' />
  <meta name='ocr-capabilities' content='ocr_page ocr_carea ocr_par ocr_line ocrx_word'/>
</head>
<body>
  <div class='ocr_page' id='page_1' title='image "./mtulliiciceroni02mlgoog/mtulliiciceroni02mlgoog_0332.png"; bbox 0 0 2392 3944; ppageno 0'>
   <div class='ocr_carea' id='block_1_1' title="bbox 290 139 1049 208">
    <p class='ocr_par' dir='ltr' id='par_1_1' title="bbox 290 139 1049 208">
     <span class='ocr_line' id='line_1_1' title="bbox 290 139 1049 208; baseline 0.014 -14"><span class='ocrx_word' id='word_1_1' title='bbox 290 139 358 195; x_wconf 78' lang='lat' dir='ltr'>LIB.</span> <span class='ocrx_word' id='word_1_2' title='bbox 379 141 406 194; x_wconf 89' lang='lat'>11</span> <span class='ocrx_word' id='word_1_3' title='bbox 442 141 520 196; x_wconf 76' lang='lat' dir='ltr'>cnr.</span> <span class='ocrx_word' id='word_1_4' title='bbox 537 147 640 196; x_wconf 79' lang='grc' dir='ltr'>ιι-ιι</span> <span class='ocrx_word' id='word_1_5' title='bbox 659 147 675 208; x_wconf 73' lang='lat' dir='ltr'>s</span> <span class='ocrx_word' id='word_1_6' title='bbox 693 147 805 196; x_wconf 83' lang='grc' dir='ltr'>ιι-ιι,</span> <span class='ocrx_word' id='word_1_7' title='bbox 984 141 1049 204; x_wconf 80' lang='lat'>215</span> 
     </span>
    </p>
   </div>
   <div class='ocr_carea' id='block_1_2' title="bbox 20 271 1188 3534">
    <p class='ocr_par' dir='ltr' id='par_1_2' title="bbox 20 271 1188 3534">
     <span class='ocr_line' id='line_1_2' title="bbox 42 271 1050 367; baseline 0 -17"><span class='ocrx_word' id='word_1_8' title='bbox 42 285 183 367; x_wconf 81' lang='lat' dir='ltr'>aliquem</span> <span class='ocrx_word' id='word_1_9' title='bbox 196 281 236 348; x_wconf 90' lang='lat' dir='ltr'>de</span> <span class='ocrx_word' id='word_1_10' title='bbox 249 285 317 348; x_wconf 87' lang='lat' dir='ltr'>suis</span> <span class='ocrx_word' id='word_1_11' title='bbox 329 285 423 348; x_wconf 90' lang='lat' dir='ltr'>bonis</span> <span class='ocrx_word' id='word_1_12' title='bbox 436 271 586 350; x_wconf 86' lang='lat' dir='ltr'>omnibus</span> <span class='ocrx_word' id='word_1_13' title='bbox 599 285 749 350; x_wconf 73' lang='lat' dir='ltr'>decedere</span> <span class='ocrx_word' id='word_1_14' title='bbox 761 307 803 348; x_wconf 89' lang='lat' dir='ltr'>an</span> <span class='ocrx_word' id='word_1_15' title='bbox 816 285 948 350; x_wconf 84' lang='lat' dir='ltr'>huiusce</span> <span class='ocrx_word' id='word_1_16' title='bbox 962 285 1050 350; x_wconf 91' lang='lat' dir='ltr'>modi</span> 
     </span>
     <span class='ocr_line' id='line_1_3' title="bbox 42 372 1050 456; baseline 0.002 -20"><span class='ocrx_word' id='word_1_17' title='bbox 42 372 195 436; x_wconf 88' lang='lat' dir='ltr'>iudicium</span> <span class='ocrx_word' id='word_1_18' title='bbox 216 372 280 456; x_wconf 87' lang='lat' dir='ltr'>det,</span> <span class='ocrx_word' id='word_1_19' title='bbox 304 394 367 456; x_wconf 93' lang='lat' dir='ltr'>quo</span> <span class='ocrx_word' id='word_1_20' title='bbox 387 372 504 438; x_wconf 90' lang='lat' dir='ltr'>iudicio</span> <span class='ocrx_word' id='word_1_21' title='bbox 523 373 645 438; x_wconf 87' lang='lat' dir='ltr'>indicta</span> <span class='ocrx_word' id='word_1_22' title='bbox 667 394 764 438; x_wconf 89' lang='lat' dir='ltr'>causa</span> <span class='ocrx_word' id='word_1_23' title='bbox 785 372 926 437; x_wconf 83' lang='lat' dir='ltr'>fortunis</span> <span class='ocrx_word' id='word_1_24' title='bbox 950 373 1050 438; x_wconf 91' lang='lat' dir='ltr'>omni-</span> 
     </span>
     <span class='ocr_line' id='line_1_4' title="bbox 43 432 1103 557; baseline 0.001 -34"><span class='ocrx_word' id='word_1_25' title='bbox 43 461 99 524; x_wconf 90' lang='lat' dir='ltr'>bus</span> <span class='ocrx_word' id='word_1_26' title='bbox 132 460 241 524; x_wconf 84' lang='lat' dir='ltr'>everti</span> <span class='ocrx_word' id='word_1_27' title='bbox 271 481 400 525; x_wconf 85' lang='lat' dir='ltr'>necesse</span> <span class='ocrx_word' id='word_1_28' title='bbox 433 461 497 526; x_wconf 78' lang='lat' dir='ltr'>sit?</span> <span class='ocrx_word' id='word_1_29' title='bbox 546 461 697 526; x_wconf 76' lang='lat' dir='ltr'>Profecto</span> <span class='ocrx_word' id='word_1_30' title='bbox 726 461 812 524; x_wconf 92' lang='lat' dir='ltr'>enim</span> <span class='ocrx_word' id='word_1_31' title='bbox 837 481 957 546; x_wconf 79' lang='lat' dir='ltr'>negare</span> <span class='ocrx_word' id='word_1_32' title='bbox 983 432 1103 557; x_wconf 53' lang='grc' dir='ltr'>ιιοιιῙέι</span> 
     </span>
     <span class='ocr_line' id='line_1_5' title="bbox 44 548 1050 634; baseline 0 -22"><span class='ocrx_word' id='word_1_33' title='bbox 44 553 134 632; x_wconf 90' lang='lat' dir='ltr'>potes</span> <span class='ocrx_word' id='word_1_34' title='bbox 154 551 189 612; x_wconf 91' lang='lat' dir='ltr'>te</span> <span class='ocrx_word' id='word_1_35' title='bbox 209 570 249 612; x_wconf 83' lang='lat' dir='ltr'>ex</span> <span class='ocrx_word' id='word_1_36' title='bbox 271 549 344 634; x_wconf 84' lang='lat' dir='ltr'>lege</span> <span class='ocrx_word' id='word_1_37' title='bbox 365 549 498 634; x_wconf 85' lang='lat' dir='ltr'>Rupilia</span> <span class='ocrx_word' id='word_1_38' title='bbox 520 549 631 614; x_wconf 90' lang='lat' dir='ltr'>sortiri</span> <span class='ocrx_word' id='word_1_39' title='bbox 652 548 773 614; x_wconf 87' lang='lat' dir='ltr'>iudices</span> <span class='ocrx_word' id='word_1_40' title='bbox 797 548 954 632; x_wconf 80' lang='lat' dir='ltr'>debuisse,</span> <span class='ocrx_word' id='word_1_41' title='bbox 976 571 1050 614; x_wconf 87' lang='lat' dir='ltr'>oum</span> 
     </span>
     <span class='ocr_line' id='line_1_6' title="bbox 24 634 1050 811; baseline 0.001 -23"><span class='ocrx_word' id='word_1_42' title='bbox 24 636 246 789; x_wconf 49' lang='lat' dir='ltr'>batth</span> <span class='ocrx_word' id='word_1_43' title='bbox 264 635 441 790; x_wconf 50' lang='lat' dir='ltr'>{33⁸3le</span> <span class='ocrx_word' id='word_1_44' title='bbox 466 634 1050 811; x_wconf 64' lang='lat' dir='ltr'>tiu1¹sattlca›</span> 
     </span>
     <span class='ocr_line' id='line_1_7' title="bbox 46 775 1050 898; baseline 0.001 -23"><span class='ocrx_word' id='word_1_45' title='bbox 46 812 168 896; x_wconf 91' lang='lat' dir='ltr'>pedies,</span> <span class='ocrx_word' id='word_1_46' title='bbox 192 813 266 896; x_wconf 90' lang='lat' dir='ltr'>ipse</span> <span class='ocrx_word' id='word_1_47' title='bbox 287 816 346 878; x_wconf 89' lang='lat' dir='ltr'>tua</span> <span class='ocrx_word' id='word_1_48' title='bbox 368 813 553 878; x_wconf 84' lang='lat' dir='ltr'>defensione</span> <span class='ocrx_word' id='word_1_49' title='bbox 576 813 793 898; x_wconf 80' lang='lat' dir='ltr'>implicabere.</span> <span class='ocrx_word' id='word_1_50' title='bbox 808 775 817 810; x_wconf 48' lang='lat'><em>7</em></span> <span class='ocrx_word' id='word_1_51' title='bbox 835 813 941 890; x_wconf 83' lang='lat' dir='ltr'>Quare</span> <span class='ocrx_word' id='word_1_52' title='bbox 964 813 1050 878; x_wconf 89' lang='lat' dir='ltr'>enim</span> 
     </span>
     <span class='ocr_line' id='line_1_8' title="bbox 47 900 1049 985; baseline 0.003 -22"><span class='ocrx_word' id='word_1_53' title='bbox 47 901 186 982; x_wconf 87' lang='lat' dir='ltr'>primum</span> <span class='ocrx_word' id='word_1_54' title='bbox 207 900 264 965; x_wconf 90' lang='lat' dir='ltr'>ille</span> <span class='ocrx_word' id='word_1_55' title='bbox 283 901 395 966; x_wconf 87' lang='lat' dir='ltr'>adesse</span> <span class='ocrx_word' id='word_1_56' title='bbox 416 901 532 985; x_wconf 93' lang='lat' dir='ltr'>noluit,</span> <span class='ocrx_word' id='word_1_57' title='bbox 555 923 627 966; x_wconf 89' lang='lat' dir='ltr'>cum</span> <span class='ocrx_word' id='word_1_58' title='bbox 650 923 689 966; x_wconf 86' lang='lat' dir='ltr'>ex</span> <span class='ocrx_word' id='word_1_59' title='bbox 712 923 749 966; x_wconf 91' lang='lat' dir='ltr'>eo</span> <span class='ocrx_word' id='word_1_60' title='bbox 771 923 905 967; x_wconf 88' lang='lat' dir='ltr'>numero</span> <span class='ocrx_word' id='word_1_61' title='bbox 928 902 1049 966; x_wconf 89' lang='lat' dir='ltr'>iudices</span> 
     </span>
     <span class='ocr_line' id='line_1_9' title="bbox 47 987 1188 1074; baseline 0.005 -22"><span class='ocrx_word' id='word_1_62' title='bbox 47 987 194 1071; x_wconf 87' lang='lat' dir='ltr'>haberet,</span> <span class='ocrx_word' id='word_1_63' title='bbox 224 1010 305 1072; x_wconf 90' lang='lat' dir='ltr'>quos</span> <span class='ocrx_word' id='word_1_64' title='bbox 332 989 539 1074; x_wconf 82' lang='lat' dir='ltr'>postularat?</span> <span class='ocrx_word' id='word_1_65' title='bbox 572 989 684 1054; x_wconf 89' lang='lat' dir='ltr'>deinde</span> <span class='ocrx_word' id='word_1_66' title='bbox 711 993 749 1054; x_wconf 88' lang='lat' dir='ltr'>tu</span> <span class='ocrx_word' id='word_1_67' title='bbox 776 1012 832 1054; x_wconf 86' lang='lat' dir='ltr'>our</span> <span class='ocrx_word' id='word_1_68' title='bbox 858 993 934 1074; x_wconf 86' lang='lat' dir='ltr'>post</span> <span class='ocrx_word' id='word_1_69' title='bbox 959 990 1049 1054; x_wconf 89' lang='lat' dir='ltr'>illius</span> <span class='ocrx_word' id='word_1_70' title='bbox 1176 1045 1188 1058; x_wconf 68' lang='grc'>,</span> 
     </span>
     <span class='ocr_line' id='line_1_10' title="bbox 20 1075 1050 1162; baseline 0.004 -26"><span class='ocrx_word' id='word_1_71' title='bbox 20 1075 156 1161; x_wconf 80' lang='lat' dir='ltr'>ofugam</span> <span class='ocrx_word' id='word_1_72' title='bbox 174 1075 297 1141; x_wconf 81' lang='lat' dir='ltr'>iudicer</span> <span class='ocrx_word' id='word_1_73' title='bbox 317 1077 399 1142; x_wconf 91' lang='lat' dir='ltr'>alios</span> <span class='ocrx_word' id='word_1_74' title='bbox 418 1077 552 1142; x_wconf 87' lang='lat' dir='ltr'>sortitus</span> <span class='ocrx_word' id='word_1_75' title='bbox 572 1098 615 1162; x_wconf 89' lang='lat' dir='ltr'>es,</span> <span class='ocrx_word' id='word_1_76' title='bbox 634 1077 663 1141; x_wconf 90' lang='lat' dir='ltr'>si</span> <span class='ocrx_word' id='word_1_77' title='bbox 681 1099 746 1161; x_wconf 89' lang='lat' dir='ltr'>eos,</span> <span class='ocrx_word' id='word_1_78' title='bbox 769 1077 825 1160; x_wconf 91' lang='lat' dir='ltr'>qui</span> <span class='ocrx_word' id='word_1_79' title='bbox 843 1081 936 1141; x_wconf 88' lang='lat' dir='ltr'>erant</span> <span class='ocrx_word' id='word_1_80' title='bbox 954 1081 1050 1141; x_wconf 87' lang='lat' dir='ltr'>antea</span> 
     </span>
     <span class='ocr_line' id='line_1_11' title="bbox 48 1163 1154 1249; baseline 0.002 -23"><span class='ocrx_word' id='word_1_81' title='bbox 48 1163 123 1247; x_wconf 87' lang='lat' dir='ltr'>dat,i</span> <span class='ocrx_word' id='word_1_82' title='bbox 161 1164 334 1249; x_wconf 87' lang='lat' dir='ltr'>utriusque</span> <span class='ocrx_word' id='word_1_83' title='bbox 368 1165 500 1230; x_wconf 87' lang='lat' dir='ltr'>dederas</span> <span class='ocrx_word' id='word_1_84' title='bbox 531 1165 682 1231; x_wconf 74' lang='lat' dir='ltr'>voluntat</span> <span class='ocrx_word' id='word_1_85' title='bbox 683 1165 722 1230; x_wconf 80' lang='lat' dir='ltr'>e‘?</span> <span class='ocrx_word' id='word_1_86' title='bbox 771 1163 894 1229; x_wconf 87' lang='lat' dir='ltr'>Deinde</span> <span class='ocrx_word' id='word_1_87' title='bbox 926 1168 1049 1230; x_wconf 88' lang='lat' dir='ltr'>ceteras</span> <span class='ocrx_word' id='word_1_88' title='bbox 1151 1193 1154 1201; x_wconf 49' lang='lat'>¹</span> 
     </span>
     <span class='ocr_line' id='line_1_12' title="bbox 49 1252 1049 1337; baseline 0.003 -22"><span class='ocrx_word' id='word_1_89' title='bbox 49 1252 131 1317; x_wconf 87' lang='lat' dir='ltr'>dicas</span> <span class='ocrx_word' id='word_1_90' title='bbox 156 1274 270 1317; x_wconf 89' lang='lat' dir='ltr'>omnes</span> <span class='ocrx_word' id='word_1_91' title='bbox 293 1253 352 1318; x_wconf 92' lang='lat' dir='ltr'>illo</span> <span class='ocrx_word' id='word_1_92' title='bbox 374 1253 446 1318; x_wconf 82' lang='lat' dir='ltr'>foro</span> <span class='ocrx_word' id='word_1_93' title='bbox 467 1253 509 1318; x_wconf 92' lang='lat' dir='ltr'>M.</span> <span class='ocrx_word' id='word_1_94' title='bbox 528 1253 608 1318; x_wconf 84' lang='lat' dir='ltr'>Post</span> <span class='ocrx_word' id='word_1_95' title='bbox 593 1253 714 1319; x_wconf 88' lang='lat' dir='ltr'>tumius</span> <span class='ocrx_word' id='word_1_96' title='bbox 739 1255 891 1337; x_wconf 77' lang='lat' dir='ltr'>quaestor</span> <span class='ocrx_word' id='word_1_97' title='bbox 914 1252 1049 1318; x_wconf 87' lang='lat' dir='ltr'>sortitus</span> 
     </span>
     <span class='ocr_line' id='line_1_13' title="bbox 49 1340 1050 1427; baseline 0.001 -24"><span class='ocrx_word' id='word_1_98' title='bbox 49 1343 105 1424; x_wconf 86' lang='lat' dir='ltr'>est,</span> <span class='ocrx_word' id='word_1_99' title='bbox 135 1340 224 1406; x_wconf 89' lang='lat' dir='ltr'>hanc</span> <span class='ocrx_word' id='word_1_100' title='bbox 252 1341 355 1406; x_wconf 89' lang='lat' dir='ltr'>solam</span> <span class='ocrx_word' id='word_1_101' title='bbox 381 1345 418 1406; x_wconf 86' lang='grc' dir='ltr'>ιιι</span> <span class='ocrx_word' id='word_1_102' title='bbox 444 1341 503 1407; x_wconf 91' lang='lat' dir='ltr'>illo</span> <span class='ocrx_word' id='word_1_103' title='bbox 531 1344 692 1408; x_wconf 84' lang='lat' dir='ltr'>conventu</span> <span class='ocrx_word' id='word_1_104' title='bbox 718 1341 878 1427; x_wconf 86' lang='lat' dir='ltr'>reperiere</span> <span class='ocrx_word' id='word_1_105' title='bbox 906 1341 1050 1405; x_wconf 87' lang='lat' dir='ltr'>sortitus.</span> 
     </span>
     <span class='ocr_line' id='line_1_14' title="bbox 108 1426 1105 1514; baseline -0.005 -21"><span class='ocrx_word' id='word_1_106' title='bbox 108 1428 217 1514; x_wconf 76' lang='lat' dir='ltr'>Ergo,</span> <span class='ocrx_word' id='word_1_107' title='bbox 244 1429 369 1512; x_wconf 87' lang='lat' dir='ltr'>inquiet</span> <span class='ocrx_word' id='word_1_108' title='bbox 392 1429 523 1513; x_wconf 88' lang='lat' dir='ltr'>aliquis,</span> <span class='ocrx_word' id='word_1_109' title='bbox 548 1429 681 1496; x_wconf 82' lang='lat' dir='ltr'>donarit</span> <span class='ocrx_word' id='word_1_110' title='bbox 667 1430 825 1514; x_wconf 85' lang='lat' dir='ltr'>tpopulo</span> <span class='ocrx_word' id='word_1_111' title='bbox 848 1426 1049 1513; x_wconf 79' lang='lat' dir='ltr'>Syracusano</span> <span class='ocrx_word' id='word_1_112' title='bbox 1068 1437 1105 1489; x_wconf 76' lang='lat'>415</span> 
     </span>
     <span class='ocr_line' id='line_1_15' title="bbox 22 1517 1051 1602; baseline 0.002 -23"><span class='ocrx_word' id='word_1_113' title='bbox 22 1517 136 1581; x_wconf 75' lang='lat' dir='ltr'>uillam</span> <span class='ocrx_word' id='word_1_114' title='bbox 151 1517 376 1582; x_wconf 87' lang='lat' dir='ltr'>hereditatem.</span> <span class='ocrx_word' id='word_1_115' title='bbox 403 1517 556 1601; x_wconf 88' lang='lat' dir='ltr'>Primum,</span> <span class='ocrx_word' id='word_1_116' title='bbox 569 1539 597 1581; x_wconf 91' lang='grc' dir='ltr'>ιι</span> <span class='ocrx_word' id='word_1_117' title='bbox 588 1517 644 1582; x_wconf 90' lang='lat' dir='ltr'>id</span> <span class='ocrx_word' id='word_1_118' title='bbox 657 1518 804 1583; x_wconf 89' lang='lat' dir='ltr'>confiteri</span> <span class='ocrx_word' id='word_1_119' title='bbox 819 1517 927 1602; x_wconf 84' lang='lat' dir='ltr'>velim,</span> <span class='ocrx_word' id='word_1_120' title='bbox 940 1520 1051 1582; x_wconf 88' lang='lat' dir='ltr'>tamen</span> 
     </span>
     <span class='ocr_line' id='line_1_16' title="bbox 50 1604 1050 1691; baseline 0.003 -24"><span class='ocrx_word' id='word_1_121' title='bbox 50 1604 144 1670; x_wconf 87' lang='lat' dir='ltr'>istum</span> <span class='ocrx_word' id='word_1_122' title='bbox 163 1605 384 1670; x_wconf 87' lang='lat' dir='ltr'>condemnetis</span> <span class='ocrx_word' id='word_1_123' title='bbox 402 1627 531 1670; x_wconf 88' lang='lat' dir='ltr'>necesse</span> <span class='ocrx_word' id='word_1_124' title='bbox 551 1609 613 1690; x_wconf 70' lang='lat' dir='ltr'>est,</span> <span class='ocrx_word' id='word_1_125' title='bbox 631 1627 734 1689; x_wconf 88' lang='lat' dir='ltr'>neque</span> <span class='ocrx_word' id='word_1_126' title='bbox 753 1605 838 1671; x_wconf 90' lang='lat' dir='ltr'>enim</span> <span class='ocrx_word' id='word_1_127' title='bbox 856 1606 1050 1691; x_wconf 89' lang='lat' dir='ltr'>permissum</span> 
     </span>
     <span class='ocr_line' id='line_1_17' title="bbox 52 1693 1051 1778; baseline 0.002 -23"><span class='ocrx_word' id='word_1_128' title='bbox 52 1697 108 1775; x_wconf 85' lang='lat' dir='ltr'>est,</span> <span class='ocrx_word' id='word_1_129' title='bbox 136 1697 173 1757; x_wconf 91' lang='grc' dir='ltr'>ιιι</span> <span class='ocrx_word' id='word_1_130' title='bbox 196 1693 329 1777; x_wconf 89' lang='lat' dir='ltr'>impune</span> <span class='ocrx_word' id='word_1_131' title='bbox 351 1693 446 1758; x_wconf 92' lang='lat' dir='ltr'>nobis</span> <span class='ocrx_word' id='word_1_132' title='bbox 469 1693 578 1778; x_wconf 88' lang='lat' dir='ltr'>liceat,</span> <span class='ocrx_word' id='word_1_133' title='bbox 601 1693 687 1776; x_wconf 92' lang='lat' dir='ltr'>quod</span> <span class='ocrx_word' id='word_1_134' title='bbox 710 1693 807 1758; x_wconf 87' lang='lat' dir='ltr'>alicui</span> <span class='ocrx_word' id='word_1_135' title='bbox 830 1693 1051 1777; x_wconf 85' lang='lat' dir='ltr'>eripuerimus,</span> 
     </span>
     <span class='ocr_line' id='line_1_18' title="bbox 53 1779 1050 1864; baseline 0.001 -22"><span class='ocrx_word' id='word_1_136' title='bbox 53 1781 80 1844; x_wconf 92' lang='lat' dir='ltr'>id</span> <span class='ocrx_word' id='word_1_137' title='bbox 96 1780 194 1846; x_wconf 82' lang='grc' dir='ltr'>ιιιιιί</span> <span class='ocrx_word' id='word_1_138' title='bbox 213 1780 351 1846; x_wconf 89' lang='lat' dir='ltr'>tradere.</span> <span class='ocrx_word' id='word_1_139' title='bbox 385 1779 508 1846; x_wconf 87' lang='lat' dir='ltr'>Verum</span> <span class='ocrx_word' id='word_1_140' title='bbox 531 1803 570 1846; x_wconf 83' lang='lat' dir='ltr'>ex</span> <span class='ocrx_word' id='word_1_141' title='bbox 592 1781 658 1844; x_wconf 89' lang='lat' dir='ltr'>ista</span> <span class='ocrx_word' id='word_1_142' title='bbox 679 1781 847 1864; x_wconf 86' lang='lat' dir='ltr'>reperietis</span> <span class='ocrx_word' id='word_1_143' title='bbox 870 1781 996 1844; x_wconf 88' lang='lat' dir='ltr'>heredit</span> <span class='ocrx_word' id='word_1_144' title='bbox 982 1783 1050 1844; x_wconf 87' lang='lat' dir='ltr'>tate</span> 
     </span>
     <span class='ocr_line' id='line_1_19' title="bbox 53 1867 1051 1954; baseline 0 -22"><span class='ocrx_word' id='word_1_145' title='bbox 53 1869 145 1934; x_wconf 83' lang='lat' dir='ltr'>istum</span> <span class='ocrx_word' id='word_1_146' title='bbox 167 1869 218 1934; x_wconf 88' lang='lat' dir='ltr'>ita</span> <span class='ocrx_word' id='word_1_147' title='bbox 240 1869 439 1953; x_wconf 87' lang='lat' dir='ltr'>praedatum,</span> <span class='ocrx_word' id='word_1_148' title='bbox 462 1873 499 1933; x_wconf 88' lang='grc' dir='ltr'>ιιι</span> <span class='ocrx_word' id='word_1_149' title='bbox 521 1891 683 1954; x_wconf 88' lang='lat' dir='ltr'>perpauca</span> <span class='ocrx_word' id='word_1_150' title='bbox 706 1868 830 1932; x_wconf 89' lang='lat' dir='ltr'>occulte</span> <span class='ocrx_word' id='word_1_151' title='bbox 852 1867 973 1949; x_wconf 84' lang='lat' dir='ltr'>feeerit,</span> <span class='ocrx_word' id='word_1_152' title='bbox 996 1889 1051 1951; x_wconf 89' lang='lat' dir='ltr'>po·</span> 
     </span>
     <span class='ocr_line' id='line_1_20' title="bbox 25 1917 1050 2042; baseline -0.002 -22"><span class='ocrx_word' id='word_1_153' title='bbox 25 1957 159 2040; x_wconf 85' lang='lat' dir='ltr'>apulum</span> <span class='ocrx_word' id='word_1_154' title='bbox 188 1956 345 2041; x_wconf 91' lang='lat' dir='ltr'>[quidem]</span> <span class='ocrx_word' id='word_1_155' title='bbox 369 1956 642 2042; x_wconf 81' lang='lat' dir='ltr'>Syracusanum</span> <span class='ocrx_word' id='word_1_156' title='bbox 632 1979 667 2020; x_wconf 91' lang='grc' dir='ltr'>ιιι</span> <span class='ocrx_word' id='word_1_157' title='bbox 694 1955 868 2020; x_wconf 84' lang='lat' dir='ltr'>maximam</span> <span class='ocrx_word' id='word_1_158' title='bbox 895 1917 1050 2019; x_wconf 82' lang='lat' dir='ltr'>invidiam</span> 
     </span>
     <span class='ocr_line' id='line_1_21' title="bbox 55 2041 1051 2145; baseline -0.001 -37"><span class='ocrx_word' id='word_1_159' title='bbox 55 2067 105 2110; x_wconf 83' lang='lat' dir='ltr'>sua</span> <span class='ocrx_word' id='word_1_160' title='bbox 125 2043 278 2128; x_wconf 82' lang='lat' dir='ltr'>infamia,</span> <span class='ocrx_word' id='word_1_161' title='bbox 301 2045 407 2112; x_wconf 89' lang='lat' dir='ltr'>alieno</span> <span class='ocrx_word' id='word_1_162' title='bbox 429 2045 573 2131; x_wconf 88' lang='lat' dir='ltr'>praemio</span> <span class='ocrx_word' id='word_1_163' title='bbox 596 2044 795 2130; x_wconf 83' lang='lat' dir='ltr'>pervenisse,</span> <span class='ocrx_word' id='word_1_164' title='bbox 818 2064 937 2145; x_wconf 78' lang='lat' dir='ltr'>paucos</span> <span class='ocrx_word' id='word_1_165' title='bbox 958 2041 1051 2126; x_wconf 85' lang='lat' dir='ltr'>Syra·</span> 
     </span>
     <span class='ocr_line' id='line_1_22' title="bbox 55 2131 1052 2218; baseline -0.001 -21"><span class='ocrx_word' id='word_1_166' title='bbox 55 2154 199 2218; x_wconf 86' lang='lat' dir='ltr'>cusanus,</span> <span class='ocrx_word' id='word_1_167' title='bbox 227 2154 296 2216; x_wconf 90' lang='lat' dir='ltr'>eos,</span> <span class='ocrx_word' id='word_1_168' title='bbox 323 2134 379 2217; x_wconf 89' lang='lat' dir='ltr'>qui</span> <span class='ocrx_word' id='word_1_169' title='bbox 405 2155 489 2199; x_wconf 88' lang='lat' dir='ltr'>nunc</span> <span class='ocrx_word' id='word_1_170' title='bbox 517 2155 551 2199; x_wconf 92' lang='lat' dir='ltr'>se</span> <span class='ocrx_word' id='word_1_171' title='bbox 578 2133 706 2218; x_wconf 86' lang='lat' dir='ltr'>publice</span> <span class='ocrx_word' id='word_1_172' title='bbox 734 2131 931 2197; x_wconf 77' lang='lat' dir='ltr'>laudationis</span> <span class='ocrx_word' id='word_1_173' title='bbox 954 2152 1052 2197; x_wconf 81' lang='lat' dir='ltr'>causa</span> 
     </span>
     <span class='ocr_line' id='line_1_23' title="bbox 55 2184 1051 2306; baseline 0.001 -22"><span class='ocrx_word' id='word_1_174' title='bbox 55 2222 173 2286; x_wconf 81' lang='lat' dir='ltr'>venisse</span> <span class='ocrx_word' id='word_1_175' title='bbox 206 2184 329 2305; x_wconf 78' lang='lat' dir='ltr'>dicudt,</span> <span class='ocrx_word' id='word_1_176' title='bbox 361 2226 394 2286; x_wconf 89' lang='lat' dir='ltr'>et</span> <span class='ocrx_word' id='word_1_177' title='bbox 424 2225 496 2286; x_wconf 89' lang='lat' dir='ltr'>tum</span> <span class='ocrx_word' id='word_1_178' title='bbox 522 2221 698 2306; x_wconf 81' lang='lat' dir='ltr'>participes</span> <span class='ocrx_word' id='word_1_179' title='bbox 725 2220 863 2306; x_wconf 85' lang='lat' dir='ltr'>praedae</span> <span class='ocrx_word' id='word_1_180' title='bbox 890 2219 1051 2285; x_wconf 83' lang='lat' dir='ltr'>fuisset</span> <span class='ocrx_word' id='word_1_181' title='bbox 1019 2223 1051 2285; x_wconf 89' lang='lat' dir='ltr'>et</span> 
     </span>
     <span class='ocr_line' id='line_1_24' title="bbox 56 2308 1051 2392; baseline 0.003 -22"><span class='ocrx_word' id='word_1_182' title='bbox 56 2330 132 2374; x_wconf 86' lang='lat' dir='ltr'>nuno</span> <span class='ocrx_word' id='word_1_183' title='bbox 156 2331 226 2374; x_wconf 92' lang='lat' dir='ltr'>non</span> <span class='ocrx_word' id='word_1_184' title='bbox 253 2309 294 2374; x_wconf 90' lang='lat' dir='ltr'>ad</span> <span class='ocrx_word' id='word_1_185' title='bbox 320 2309 415 2374; x_wconf 88' lang='lat' dir='ltr'>istius</span> <span class='ocrx_word' id='word_1_186' title='bbox 442 2309 674 2392; x_wconf 86' lang='lat' dir='ltr'>laudationem,</span> <span class='ocrx_word' id='word_1_187' title='bbox 703 2309 758 2374; x_wconf 89' lang='lat' dir='ltr'>sed</span> <span class='ocrx_word' id='word_1_188' title='bbox 785 2308 826 2373; x_wconf 88' lang='lat' dir='ltr'>ad</span> <span class='ocrx_word' id='word_1_189' title='bbox 849 2330 1051 2374; x_wconf 90' lang='lat' dir='ltr'>communem</span> 
     </span>
     <span class='ocr_line' id='line_1_25' title="bbox 29 2396 1050 2480; baseline 0.002 -22"><span class='ocrx_word' id='word_1_190' title='bbox 29 2396 155 2462; x_wconf 83' lang='lat' dir='ltr'>alitinm</span> <span class='ocrx_word' id='word_1_191' title='bbox 180 2398 442 2463; x_wconf 87' lang='lat' dir='ltr'>aestimationem</span> <span class='ocrx_word' id='word_1_192' title='bbox 464 2398 600 2463; x_wconf 85' lang='lat' dir='ltr'>venisse.</span> <span class='ocrx_word' id='word_1_193' title='bbox 639 2396 857 2480; x_wconf 88' lang='lat' dir='ltr'>Posteaquam</span> <span class='ocrx_word' id='word_1_194' title='bbox 880 2397 1050 2462; x_wconf 84' lang='lat' dir='ltr'>damnatus</span> 
     </span>
     <span class='ocr_line' id='line_1_26' title="bbox 59 2484 1052 2586; baseline 0.002 -40"><span class='ocrx_word' id='word_1_195' title='bbox 59 2489 102 2548; x_wconf 84' lang='lat' dir='ltr'>est</span> <span class='ocrx_word' id='word_1_196' title='bbox 88 2486 246 2569; x_wconf 84' lang='lat' dir='ltr'>tabsens,</span> <span class='ocrx_word' id='word_1_197' title='bbox 268 2507 334 2551; x_wconf 93' lang='lat' dir='ltr'>non</span> <span class='ocrx_word' id='word_1_198' title='bbox 353 2486 459 2551; x_wconf 92' lang='lat' dir='ltr'>solum</span> <span class='ocrx_word' id='word_1_199' title='bbox 476 2485 565 2550; x_wconf 88' lang='lat' dir='ltr'>illius</span> <span class='ocrx_word' id='word_1_200' title='bbox 583 2485 710 2550; x_wconf 89' lang='lat' dir='ltr'>heredit</span> <span class='ocrx_word' id='word_1_201' title='bbox 695 2484 783 2568; x_wconf 89' lang='lat' dir='ltr'>tatis,</span> <span class='ocrx_word' id='word_1_202' title='bbox 808 2485 847 2549; x_wconf 90' lang='lat' dir='ltr'>de</span> <span class='ocrx_word' id='word_1_203' title='bbox 862 2507 929 2586; x_wconf 30' lang='lat' dir='ltr'>‘qua</span> <span class='ocrx_word' id='word_1_204' title='bbox 952 2485 1052 2549; x_wconf 90' lang='lat' dir='ltr'>ambi-</span> 
     </span>
     <span class='ocr_line' id='line_1_27' title="bbox 60 2570 1052 2657; baseline 0 -21"><span class='ocrx_word' id='word_1_205' title='bbox 60 2573 201 2657; x_wconf 82' lang='lat' dir='ltr'>gebatur,</span> <span class='ocrx_word' id='word_1_206' title='bbox 234 2595 315 2656; x_wconf 90' lang='lat' dir='ltr'>quae</span> <span class='ocrx_word' id='word_1_207' title='bbox 343 2577 413 2638; x_wconf 87' lang='lat' dir='ltr'>erat</span> <span class='ocrx_word' id='word_1_208' title='bbox 439 2570 495 2637; x_wconf 82' lang='lat' dir='ltr'>HS</span> <span class='ocrx_word' id='word_1_209' title='bbox 523 2573 667 2657; x_wconf 85' lang='lat' dir='ltr'>triciens,</span> <span class='ocrx_word' id='word_1_210' title='bbox 699 2572 756 2637; x_wconf 88' lang='lat' dir='ltr'>sed</span> <span class='ocrx_word' id='word_1_211' title='bbox 783 2573 927 2638; x_wconf 89' lang='lat' dir='ltr'>omnium</span> <span class='ocrx_word' id='word_1_212' title='bbox 954 2573 1052 2638; x_wconf 89' lang='lat' dir='ltr'>bono-</span> 
     </span>
     <span class='ocr_line' id='line_1_28' title="bbox 60 2659 1052 2762; baseline -0.001 -39"><span class='ocrx_word' id='word_1_213' title='bbox 60 2681 122 2724; x_wconf 89' lang='lat' dir='ltr'>rum</span> <span class='ocrx_word' id='word_1_214' title='bbox 138 2662 378 2762; x_wconf 87' lang='lat' dir='ltr'>paternorum&#39;</span> <span class='ocrx_word' id='word_1_215' title='bbox 368 2661 471 2745; x_wconf 79' lang='lat' dir='ltr'>ipsius</span> <span class='ocrx_word' id='word_1_216' title='bbox 489 2659 642 2743; x_wconf 85' lang='lat' dir='ltr'>Heraclii,</span> <span class='ocrx_word' id='word_1_217' title='bbox 665 2683 747 2744; x_wconf 88' lang='lat' dir='ltr'>quae</span> <span class='ocrx_word' id='word_1_218' title='bbox 765 2682 832 2725; x_wconf 93' lang='lat' dir='ltr'>non</span> <span class='ocrx_word' id='word_1_219' title='bbox 853 2661 959 2726; x_wconf 90' lang='lat' dir='ltr'>minor</span> <span class='ocrx_word' id='word_1_220' title='bbox 982 2663 1052 2723; x_wconf 91' lang='lat' dir='ltr'>erat</span> 
     </span>
     <span class='ocr_line' id='line_1_29' title="bbox 61 2745 1053 2834; baseline -0.004 -21"><span class='ocrx_word' id='word_1_221' title='bbox 61 2749 197 2834; x_wconf 87' lang='lat' dir='ltr'>pecunia,</span> <span class='ocrx_word' id='word_1_222' title='bbox 229 2748 412 2834; x_wconf 85' lang='lat' dir='ltr'>palaestrae</span> <span class='ocrx_word' id='word_1_223' title='bbox 439 2747 726 2832; x_wconf 83' lang='lat' dir='ltr'>Syracusanorum,</span> <span class='ocrx_word' id='word_1_224' title='bbox 753 2749 816 2814; x_wconf 94' lang='lat' dir='ltr'>hoc</span> <span class='ocrx_word' id='word_1_225' title='bbox 842 2753 893 2813; x_wconf 88' lang='lat' dir='ltr'>est</span> <span class='ocrx_word' id='word_1_226' title='bbox 919 2745 1053 2830; x_wconf 84' lang='lat' dir='ltr'>Syracu-</span> 
     </span>
     <span class='ocr_line' id='line_1_30' title="bbox 34 2834 1104 2922; baseline 0.005 -24"><span class='ocrx_word' id='word_1_227' title='bbox 34 2837 151 2921; x_wconf 80' lang='lat' dir='ltr'>asanis,</span> <span class='ocrx_word' id='word_1_228' title='bbox 188 2837 350 2922; x_wconf 89' lang='lat' dir='ltr'>possessio</span> <span class='ocrx_word' id='word_1_229' title='bbox 382 2836 483 2901; x_wconf 89' lang='lat' dir='ltr'>tradit</span> <span class='ocrx_word' id='word_1_230' title='bbox 469 2841 531 2902; x_wconf 89' lang='lat' dir='ltr'>tur.</span> <span class='ocrx_word' id='word_1_231' title='bbox 582 2835 670 2912; x_wconf 82' lang='lat' dir='ltr'>Quae</span> <span class='ocrx_word' id='word_1_232' title='bbox 702 2839 752 2901; x_wconf 88' lang='lat' dir='ltr'>est</span> <span class='ocrx_word' id='word_1_233' title='bbox 782 2836 847 2900; x_wconf 88' lang='lat' dir='ltr'>ista</span> <span class='ocrx_word' id='word_1_234' title='bbox 878 2838 971 2918; x_wconf 89' lang='lat' dir='ltr'>praet</span> <span class='ocrx_word' id='word_1_235' title='bbox 957 2834 1051 2898; x_wconf 77' lang='lat' dir='ltr'>tura?</span> <span class='ocrx_word' id='word_1_236' title='bbox 1070 2853 1104 2903; x_wconf 74' lang='grc' dir='ltr'>ιι</span> 
     </span>
     <span class='ocr_line' id='line_1_31' title="bbox 62 2888 1052 3024; baseline -0.001 -39"><span class='ocrx_word' id='word_1_237' title='bbox 62 2888 158 3009; x_wconf 71' lang='lat' dir='ltr'>Eripis</span> <span class='ocrx_word' id='word_1_238' title='bbox 175 2923 400 3009; x_wconf 88' lang='lat' dir='ltr'>hereditatem,</span> <span class='ocrx_word' id='word_1_239' title='bbox 419 2947 500 3009; x_wconf 89' lang='lat' dir='ltr'>quae</span> <span class='ocrx_word' id='word_1_240' title='bbox 517 2927 650 2991; x_wconf 83' lang='lat' dir='ltr'>venerat</span> <span class='ocrx_word' id='word_1_241' title='bbox 669 2947 688 2989; x_wconf 88' lang='lat' dir='ltr'>a</span> <span class='ocrx_word' id='word_1_242' title='bbox 705 2923 897 3024; x_wconf 85' lang='lat' dir='ltr'>propinquo,</span> <span class='ocrx_word' id='word_1_243' title='bbox 919 2925 1052 2987; x_wconf 84' lang='lat' dir='ltr'>venerat</span> 
     </span>
     <span class='ocr_line' id='line_1_32' title="bbox 62 3008 1053 3098; baseline -0.002 -24"><span class='ocrx_word' id='word_1_244' title='bbox 62 3015 259 3096; x_wconf 88' lang='lat' dir='ltr'>testamento,</span> <span class='ocrx_word' id='word_1_245' title='bbox 282 3017 415 3078; x_wconf 90' lang='lat' dir='ltr'>venerat</span> <span class='ocrx_word' id='word_1_246' title='bbox 433 3011 574 3098; x_wconf 78' lang='lat' dir='ltr'>legibus,</span> <span class='ocrx_word' id='word_1_247' title='bbox 598 3033 679 3096; x_wconf 88' lang='lat' dir='ltr'>quae</span> <span class='ocrx_word' id='word_1_248' title='bbox 702 3010 820 3076; x_wconf 91' lang='lat' dir='ltr'>bona</span> <span class='ocrx_word' id='word_1_249' title='bbox 810 3031 852 3093; x_wconf 83' lang='grc' dir='ltr'>ιι,</span> <span class='ocrx_word' id='word_1_250' title='bbox 876 3008 931 3093; x_wconf 88' lang='lat' dir='ltr'>qui</span> <span class='ocrx_word' id='word_1_251' title='bbox 953 3011 1053 3074; x_wconf 89' lang='lat' dir='ltr'>testa</span> 
     </span>
     <span class='ocr_line' id='line_1_33' title="bbox 63 3098 1053 3184; baseline 0.001 -22"><span class='ocrx_word' id='word_1_252' title='bbox 63 3104 195 3166; x_wconf 85' lang='lat' dir='ltr'>mentum</span> <span class='ocrx_word' id='word_1_253' title='bbox 216 3101 351 3184; x_wconf 87' lang='lat' dir='ltr'>fecerat,</span> <span class='ocrx_word' id='word_1_254' title='bbox 378 3099 453 3166; x_wconf 90' lang='lat' dir='ltr'>huie</span> <span class='ocrx_word' id='word_1_255' title='bbox 475 3098 641 3184; x_wconf 87' lang='lat' dir='ltr'>Heraclio,</span> <span class='ocrx_word' id='word_1_256' title='bbox 666 3099 833 3183; x_wconf 89' lang='lat' dir='ltr'>aliquanto</span> <span class='ocrx_word' id='word_1_257' title='bbox 857 3099 1053 3181; x_wconf 88' lang='lat' dir='ltr'>antequam</span> 
     </span>
     <span class='ocr_line' id='line_1_34' title="bbox 64 3185 1053 3272; baseline 0.002 -24"><span class='ocrx_word' id='word_1_258' title='bbox 64 3191 105 3250; x_wconf 89' lang='lat' dir='ltr'>est</span> <span class='ocrx_word' id='word_1_259' title='bbox 129 3193 288 3272; x_wconf 88' lang='lat' dir='ltr'>mortuus,</span> <span class='ocrx_word' id='word_1_260' title='bbox 315 3188 424 3254; x_wconf 88' lang='lat' dir='ltr'>omnia</span> <span class='ocrx_word' id='word_1_261' title='bbox 448 3188 568 3253; x_wconf 90' lang='lat' dir='ltr'>utenda</span> <span class='ocrx_word' id='word_1_262' title='bbox 591 3210 628 3252; x_wconf 87' lang='lat' dir='ltr'>ac</span> <span class='ocrx_word' id='word_1_263' title='bbox 650 3185 881 3271; x_wconf 85' lang='lat' dir='ltr'>possidendat</span> <span class='ocrx_word' id='word_1_264' title='bbox 866 3185 1053 3269; x_wconf 86' lang='lat' dir='ltr'>tradiderat,</span> 
     </span>
     <span class='ocr_line' id='line_1_35' title="bbox 37 3275 1054 3377; baseline 0.002 -41"><span class='ocrx_word' id='word_1_265' title='bbox 37 3275 141 3340; x_wconf 80' lang='lat' dir='ltr'>aecius</span> <span class='ocrx_word' id='word_1_266' title='bbox 153 3277 325 3342; x_wconf 87' lang='lat' dir='ltr'>hereditat</span> <span class='ocrx_word' id='word_1_267' title='bbox 315 3298 353 3361; x_wconf 83' lang='grc' dir='ltr'>ιι,</span> <span class='ocrx_word' id='word_1_268' title='bbox 371 3298 444 3342; x_wconf 89' lang='lat' dir='ltr'>cum</span> <span class='ocrx_word' id='word_1_269' title='bbox 462 3276 518 3341; x_wconf 88' lang='lat' dir='ltr'>ille</span> <span class='ocrx_word' id='word_1_270' title='bbox 537 3275 703 3377; x_wconf 78' lang='lat' dir='ltr'>aliquanto</span> <span class='ocrx_word' id='word_1_271' title='bbox 685 3277 799 3338; x_wconf 88' lang='lat' dir='ltr'>cante</span> <span class='ocrx_word' id='word_1_272' title='bbox 817 3277 850 3339; x_wconf 92' lang='lat' dir='ltr'>te</span> <span class='ocrx_word' id='word_1_273' title='bbox 868 3277 1054 3358; x_wconf 89' lang='lat' dir='ltr'>praetorem</span> 
     </span>
     <span class='ocr_line' id='line_1_36' title="bbox 66 3360 1052 3450; baseline 0.002 -26"><span class='ocrx_word' id='word_1_274' title='bbox 66 3367 138 3428; x_wconf 87' lang='lat' dir='ltr'>esset</span> <span class='ocrx_word' id='word_1_275' title='bbox 162 3369 324 3450; x_wconf 89' lang='lat' dir='ltr'>mortuus,</span> <span class='ocrx_word' id='word_1_276' title='bbox 351 3368 426 3430; x_wconf 90' lang='lat' dir='ltr'>cont</span> <span class='ocrx_word' id='word_1_277' title='bbox 427 3364 571 3430; x_wconf 83' lang='lat' dir='ltr'>roversia</span> <span class='ocrx_word' id='word_1_278' title='bbox 596 3363 703 3435; x_wconf 83' lang='lat' dir='ltr'>fuerat</span> <span class='ocrx_word' id='word_1_279' title='bbox 688 3361 828 3447; x_wconf 88' lang='lat' dir='ltr'>tnulla,</span> <span class='ocrx_word' id='word_1_280' title='bbox 856 3363 946 3426; x_wconf 87' lang='lat' dir='ltr'>ment</span> <span class='ocrx_word' id='word_1_281' title='bbox 946 3360 1052 3426; x_wconf 92' lang='lat' dir='ltr'>ionem</span> 
     </span>
     <span class='ocr_line' id='line_1_37' title="bbox 66 3447 1188 3534; baseline -0.002 -19"><span class='ocrx_word' id='word_1_282' title='bbox 66 3447 170 3518; x_wconf 81' lang='lat' dir='ltr'>lecerat</span> <span class='ocrx_word' id='word_1_283' title='bbox 200 3475 306 3519; x_wconf 91' lang='lat' dir='ltr'>nemo.</span> <span class='ocrx_word' id='word_1_284' title='bbox 351 3451 472 3517; x_wconf 87' lang='lat' dir='ltr'>Verum</span> <span class='ocrx_word' id='word_1_285' title='bbox 504 3455 554 3517; x_wconf 90' lang='lat' dir='ltr'>est</span> <span class='ocrx_word' id='word_1_286' title='bbox 556 3473 589 3534; x_wconf 91' lang='lat' dir='ltr'>o,</span> <span class='ocrx_word' id='word_1_287' title='bbox 620 3450 707 3534; x_wconf 89' lang='lat' dir='ltr'>eripe</span> <span class='ocrx_word' id='word_1_288' title='bbox 736 3449 949 3516; x_wconf 88' lang='lat' dir='ltr'>hereditatem</span> <span class='ocrx_word' id='word_1_289' title='bbox 981 3471 1053 3533; x_wconf 88' lang='lat' dir='ltr'>pro·</span> <span class='ocrx_word' id='word_1_290' title='bbox 1042 3451 1104 3514; x_wconf 89' lang='grc'>-19</span> <span class='ocrx_word' id='word_1_291' title='bbox 1184 3465 1188 3488; x_wconf 44' lang='grc' dir='ltr'>ι</span> 
     </span>
    </p>
   </div>
   <div class='ocr_carea' id='block_1_3' title="bbox 0 0 1200 3944">
    <p class='ocr_par' dir='ltr' id='par_1_3' title="bbox 0 0 1200 3944">
     <span class='ocr_line' id='line_1_38' title="bbox 0 0 1200 3944; baseline 0 0"><span class='ocrx_word' id='word_1_292' title='bbox 0 0 1200 3944; x_wconf 95' lang='lat' dir='ltr'> </span> 
     </span>
    </p>
   </div>
  </div>
 </body>
</html>
