2470 3936
162 165 229 233 430
458 161 498 218 ru
517 161 547 220 c.
565 160 719 219 usensis
736 161 816 219 ror.
835 163 869 218 rr

162 308 214 378 Μ’.
227 307 378 392 Aquilius
398 305 546 392 confecit,
569 306 615 373 sic
637 307 830 390 accepimus,
851 306 979 372 nullum
1000 305 1036 370 in
1058 303 1161 371 Sicilia

162 396 377 483 fugitivorum
395 395 518 461 bellum
541 393 650 460 fuisse.
681 393 729 460 At
752 395 787 461 in
810 394 910 460 Italia
931 394 1002 461 fuit.
1040 393 1162 478 Fateor,

163 490 197 552 et
220 505 375 571 maguum
397 483 526 569 quidem
550 505 587 549 ac
608 482 792 548 vehemens.
833 481 922 550 Num
943 483 1047 570 igitur
1070 505 1108 548 ex
1128 505 1162 548 eo

163 575 252 640 bello
279 576 407 658 partem
434 571 577 656 aliquam
604 570 710 637 laudis
733 570 885 657 adpetere
909 571 1059 637 conaris?
1089 593 1164 637 num

163 662 226 729 tibi
252 661 342 727 illius
368 659 525 730 victoriae
552 659 692 746 gloriam
720 679 794 725 cum
807 659 864 726 M.
885 657 1005 726 Crasso
1034 663 1091 728 aut
1112 658 1185 726 cnr

162 749 318 835 Pompeio
355 748 624 814 communicatem
657 749 777 834 putas?
826 747 902 814 Non
934 747 1078 814 arbitror
1108 749 1165 814 hoc

164 839 263 906 etiam
281 840 357 904 tuae
376 835 486 904 deesse
504 835 723 920 inpudentiae,
743 839 782 901 ut
800 836 972 921 quicquum
991 837 1061 902 eius
1084 835 1165 902 modi

163 925 410 993 dicere'audeus.
437 923 607 992 obstitisti
624 923 783 1008 videlicet,
801 945 841 990 ne
861 946 900 989 ex
913 921 1164 990 Italia'transire

162 1016 199 1082 in
215 1012 361 1080 Siciliam
383 1013 597 1099 fugitivorum
620 1012 732 1097 copiae
754 1016 897 1098 possent.
933 1011 1010 1098 Ubi,
1034 1013 1165 1098 quaudo,

164 1125 229 1190 qua
260 1125 299 1169 ex
328 1102 442 1188 parte?
479 1121 552 1168 ouur
584 1104 642 1168 aut
672 1101 800 1167 ratibus
828 1105 885 1168 aut
911 1101 1052 1167 mribus
1079 1123 1164 1170 coru
1177 1119 1198 1160 u

163 1196 277 1258 rentur
308 1189 479 1258 accedere?
527 1186 598 1254 Nos
630 1189 716 1254 enirn
742 1189 826 1254 nihil
853 1211 1010 1274 umquam
1038 1211 1165 1277 prorsus

163 1280 359 1364 audivimus,
384 1278 443 1346 sed
463 1277 545 1343 illud
567 1277 762 1362 audivimus,
788 1277 832 1344 M.
850 1275 975 1364 Crassi,
998 1278 1167 1346 fortissimi

162 1369 235 1452 viri,
257 1367 379 1434 virtute
399 1366 599 1450 consilioque
620 1366 753 1451 factum,
775 1387 817 1431 ne
839 1367 967 1433 ratibus
990 1368 1166 1434 coniunctis

162 1456 247 1522 freto
274 1453 407 1540 fugitivi
434 1454 476 1519 ad
502 1453 686 1521 Messanam
712 1455 852 1520 transire
878 1459 1028 1541 possent,
1061 1479 1081 1522 a
1108 1478 1165 1541 quo

161 1543 214 1609 illi
244 1545 363 1608 conatu
392 1562 460 1608 non
488 1545 583 1608 tanto
611 1563 708 1627 opere
735 1542 929 1628 prohibendi
956 1543 1111 1630 fuissent,
1140 1543 1198 1609 sio

162 1631 232 1698 ulla
258 1629 293 1698 in
315 1627 427 1695 Sicilia
452 1630 615 1716 praesidia
642 1631 683 1698 sd
710 1630 843 1697 illorum
871 1631 1048 1698 adrentum
1073 1655 1165 1719 eppo

127 1721 228 1788 ssita
254 1721 455 1806 putarentur.
494 1717 541 1784 At
568 1741 641 1786 cum
669 1722 755 1785 errat
776 1719 811 1784 in
832 1718 932 1785 Iteliu
953 1719 1079 1786 bellum
1101 1725 1165 1786 tam

161 1831 263 1896 propo
296 1830 316 1875 a
347 1805 470 1892 Sicilie,
505 1810 616 1872 tamen
653 1807 688 1872 in
719 1805 830 1873 Sicilia
861 1829 929 1874 non
958 1807 1034 1873 fuit.
1088 1807 1165 1884 Quid

162 1897 304 1964 mirum?
335 1917 376 1962 na
403 1917 477 1962 cum
502 1895 537 1959 in
560 1893 672 1962 Sicilia
699 1895 828 1980 quidem
849 1895 914 1962 fuit
937 1896 1052 1962 eodem
1074 1895 1165 1961 inter-

123 1991 144 2056 3
163 1985 261 2069 vallo,
283 2005 361 2070 pers
379 1983 448 2058 eius
465 1983 546 2049 belli
563 1983 599 2048 in
615 1982 749 2050 Italiam
766 1984 835 2050 ulla
852 1984 1007 2068 pervasit.
1038 1981 1164 2051 Etenim
1176 2001 1198 2044 ru

162 2073 389 2158 propinquitas
408 2072 554 2138 locorum
573 2071 614 2137 ad
632 2075 740 2138 utram
761 2075 889 2156 partem
912 2072 975 2138 hoc
999 2073 1072 2140 loco
1093 2095 1164 2159 pro

161 2160 287 2226 fertur?
310 2163 419 2225 utrum
433 2159 558 2224 aditum
572 2160 701 2227 facilem
714 2159 865 2226 hostibus
879 2181 922 2226 an
941 2163 1164 2250 contagionem

161 2246 312 2314 imitandi
334 2246 414 2312 belli
436 2247 653 2331 periculosam
675 2246 798 2313 fuisse?
838 2247 958 2314 Aditus
982 2251 1089 2316 omnis
1110 2251 1163 2315 ho

162 2334 304 2402 minibus
324 2334 393 2401 sine
411 2335 481 2400 ulla
497 2335 655 2404 facultate
673 2336 804 2402 narium
821 2358 889 2404 non
910 2336 1009 2404 modo
1032 2338 1163 2404 disiunc-

162 2427 230 2510 tus,
257 2424 314 2490 ssd
342 2424 440 2490 etiam
468 2423 597 2490 clausus
624 2428 687 2508 cst,
713 2428 752 2491 ut
773 2424 854 2509 illis,
882 2425 1001 2509 quibus
1024 2424 1162 2492 Siciliam
1175 2439 1197 2484 s

161 2512 378 2600 propinquam
408 2512 508 2578 fuisse
535 2511 628 2596 dicis,
656 2511 783 2578 facilius
809 2512 910 2580 fuerit
936 2514 977 2578 ad
1005 2512 1163 2582 Oceanum

127 2599 330 2688 ‘ipervenire'
366 2622 465 2685 quem
501 2600 542 2667 ad
577 2600 759 2667 Peloridem
796 2601 953 2668 accedere.
1008 2603 1162 2690 contagio

163 2693 273 2757 autem
299 2688 364 2754 ista
390 2688 519 2754 servilis
546 2688 627 2755 belli
653 2710 711 2756 cur
734 2690 793 2756 abs
815 2694 849 2756 te
871 2690 981 2776 potius
1005 2713 1105 2776 quam
1126 2691 1162 2760 ab

162 2779 203 2844 iis
222 2776 381 2862 omnibus,
406 2777 461 2861 qui
481 2780 605 2844 ceteras
626 2777 811 2862 provincias
835 2778 1055 2864 obtinuerunt,
1078 2801 1163 2866 prae·

163 2867 310 2933 dicatur?
320 2888 376 2934 en
390 2865 475 2951 quod
489 2864 524 2932 in
537 2863 648 2931 Sicilia
661 2865 727 2932 iam
742 2869 839 2934 antea
851 2867 940 2932 bella
952 2866 1163 2954 fugitivorum
1174 2881 1195 2924 ω

161 2954 335 3058 fueruntl·
364 2953 411 3020 At
443 2975 482 3056 pa
507 2954 583 3057 ipsa
606 2975 704 3022 cause
731 2959 795 3058 est,
826 2975 884 3022 cur
908 2955 974 3021 ista
1000 2957 1164 3042 provincie

161 3041 1164 3220 ullubittit?udulrfllidlultt‘tdt

162 3217 268 3284 edicta
291 3223 479 3304 praetorum
501 3217 633 3286 fuerunt
656 3219 724 3288 sius
747 3219 849 3305 modi,
875 3224 975 3287 utne
998 3221 1072 3306 quis
1096 3243 1162 3290 curu

161 3305 228 3367 telo
252 3327 365 3371 servus
388 3312 482 3376 esset.
522 3307 626 3376 Vetus
651 3311 709 3393 est,
732 3309 819 3394 quod
841 3308 955 3394 dicam,
977 3312 1011 3376 et
1032 3316 1193 3396 propter&

162 3389 368 3456 severitatem
397 3394 537 3480 exempli
562 3396 685 3462 nemini
710 3394 851 3463 fortasse
876 3401 1023 3465 restrum
1043 3399 1162 3465 inaudi-

160 3477 245 3555 tum,
275 3472 311 3536 Is.
336 3475 518 3546 Domitium
549 3488 733 3567 praetorem
764 3483 800 3550 in
829 3483 952 3571 Sicilia,
982 3507 1057 3554 oum
1089 3507 1164 3574 aper
