2404 3928
156 151 221 215 366
457 147 497 204 IN
516 149 545 205 0.
559 147 714 206 VERREM
732 149 810 205 AGT.
829 151 862 205 ll.

155 315 233 361 usus
261 298 313 360 est
340 296 381 362 ad
403 294 686 376 commodandum,
713 293 761 360 sic
783 294 853 380 ipse
877 294 1015 382 diligens
1035 294 1091 361 fuit
1111 295 1144 360 ad

155 385 396 468 reportandum.
453 381 566 468 Nuper
606 382 754 448 homines
794 384 923 449 nobiles
965 385 1032 448 sius
1063 383 1146 466 modi,

154 472 275 538 iudices
295 509 337 520 -
357 473 412 538 sed
432 471 509 556 quid
528 471 597 536 dico
618 469 769 555 ‘nuper't
793 472 894 536 immo
913 495 990 538 vero
1008 472 1097 537 modo
1117 493 1147 536 ac

154 561 252 646 plane
269 562 368 646 paulo
390 563 465 626 ante
488 558 636 644 vidimus,
659 557 715 643 qui
736 559 845 626 forum
868 564 901 625 et
924 561 1074 626 basilicas
1094 581 1149 624 non

155 651 268 734 spoliis
287 649 541 735 provinciarum,
564 647 620 712 sed
642 649 843 714 ornamentis
867 649 1168 734 amicorum,c0n1·s

155 739 259 804 modis
287 739 466 822 hospitum,
493 757 560 802 non
583 736 680 800 furtis
703 737 891 802 nocentium
914 742 1081 821 ornarent3
1105 737 1150 820 qui

154 830 265 891 tamen
292 826 387 911 signa
415 829 512 909 atque
541 827 730 889 ornamenta
757 846 816 891 sua
842 826 957 911 cuique
979 827 1150 907 reddebant,

153 936 220 980 non
252 913 365 979 ablata
396 935 435 978 ex
467 913 602 978 urbibus
635 912 795 979 sociorum
828 916 941 998 [atque
974 917 1150 994 amicorum]

155 1002 326 1088 quadridui
353 1023 450 1068 causa
477 1023 535 1087 per
562 1001 804 1067 simulationem
832 1003 1013 1068 aedilitatis
1037 1004 1151 1068 domun

121 1092 268 1157 rdeindc
290 1095 388 1176 atque
412 1091 452 1156 ad
475 1111 551 1154 suas
574 1089 669 1154 villas
694 1089 893 1156 auferebant.
935 1091 1027 1157 Haec
1050 1094 1178 1172 omniau

156 1203 238 1265 quae
266 1180 344 1264 dixi,
373 1180 480 1265 signa,
507 1177 640 1262 iudices,
669 1178 709 1242 ab
733 1178 817 1243 Heio
841 1201 858 1244 e
884 1181 1030 1246 sacrario
1048 1178 1152 1244 Verres

156 1269 306 1353 abstulit,
329 1269 471 1352 nullum,
491 1267 638 1350 inquam,
660 1267 777 1331 horum
795 1267 930 1351 reliquit
950 1289 1057 1354 neque
1079 1266 1153 1334 aliud

155 1359 260 1422 ullum
278 1360 388 1421 tamen
410 1360 540 1442 praeter
562 1375 663 1419 unum
686 1360 836 1439 pervetus
861 1357 1019 1441 ligneum,
1043 1356 1153 1422 Bonan

154 1445 342 1528 Fortunam,
360 1448 398 1509 ut
413 1445 542 1529 opinor3
560 1443 708 1508 carniste
722 1443 842 1509 habere
857 1443 945 1510 domi
960 1467 1041 1510 suae
1054 1445 1154 1511 noluit.

119 1524 141 1585 4
220 1532 285 1597 Pro
304 1533 399 1596 deum
416 1533 649 1617 hominumque
669 1531 779 1596 fidem!
803 1532 878 1616 quid
901 1532 965 1599 hoc
989 1535 1064 1599 est?
1086 1549 1181 1618 quaer

153 1622 234 1696 haec
248 1641 346 1686 causa
360 1624 418 1703 est,
438 1641 519 1704 quae
537 1621 604 1684 ista
620 1619 832 1704 inpudentia?
864 1619 954 1696 Quae
974 1622 1048 1688 dieo
1067 1623 1154 1708 signa,

155 1715 231 1776 ante
259 1731 356 1795 quam
384 1711 442 1774 abs
470 1713 503 1773 te
532 1709 663 1773 sublata
689 1712 778 1792 sunt,
804 1709 990 1776 Messanam
1015 1733 1088 1776 eum
1107 1712 1155 1774 irn-

155 1800 245 1885 perio
276 1819 372 1863 nemo
403 1797 494 1863 venit
527 1796 605 1880 quin
636 1796 757 1862 viserit.
807 1796 872 1862 Tot
900 1803 1085 1884 praetores,
1113 1801 1154 1862 tot

155 1888 302 1953 consules
329 1887 364 1952 iu
388 1885 498 1951 Sicilia
525 1907 598 1950 cum
624 1884 660 1948 in
682 1907 775 1970 pace,
802 1888 873 1950 tum
896 1887 999 1952 ctiam
1022 1885 1154 1952 inbelle

153 1975 298 2060 fuerunt,
324 1978 377 2039 tot
402 1973 551 2038 homines
579 1972 732 2057 cuiusque
758 1974 846 2038 modi
873 1971 956 2060 (non
983 1977 1100 2060 loquor
1123 1974 1182 2036 deu

154 2065 304 2149 integris,
332 2060 571 2142 innocentibus,
597 2058 785 2146 religiosis),
811 2066 863 2128 tot
885 2062 1010 2147 cupidi,
1036 2069 1086 2129 tot
1105 2064 1153 2126 inr-

153 2150 258 2234 probi,
280 2152 332 2213 tot
355 2148 500 2231 audaces
525 2168 662 2229 quorum
685 2170 780 2214 nemo
804 2149 867 2215 sibi
889 2153 961 2216 tam
984 2152 1154 2230 vehemens

154 2242 223 2302 tam
241 2239 367 2320 potens,
389 2239 459 2300 tam
476 2234 597 2299 nobilis
616 2235 706 2301 visus
723 2241 783 2321 est,
807 2238 862 2322 qui
881 2260 920 2303 ex
938 2240 999 2304 illo
1025 2239 1153 2306 sacrario

155 2325 327 2409 quicquam
357 2344 489 2408 poscere
516 2327 574 2388 aut
600 2325 717 2390 tollere
744 2330 801 2390 aut
829 2326 993 2413 attingere
1021 2329 1153 2406 auderet3

154 2413 282 2499 Verres,
302 2413 388 2499 quod
405 2411 525 2496 ubique
545 2412 607 2476 erit
624 2413 888 2499 pulcherrimum,
911 2415 1062 2482 auferet?
1083 2413 1181 2480 nilla

153 2505 274 2570 habere
292 2503 442 2587 cuiquam
464 2505 634 2585 praeterea
655 2501 788 2567 licebit?
811 2507 862 2568 tot
885 2503 1001 2570 domus
1027 2503 1152 2588 locuple

153 2593 298 2658 tissimas
337 2591 452 2655 domus
491 2589 586 2655 istius
625 2611 690 2654 uua
725 2591 853 2674 capiet?
907 2589 1034 2658 Idcirco
1070 2609 1151 2662 neno

155 2681 362 2765 superiorum
385 2678 511 2763 attigit,
538 2682 576 2742 ut
597 2677 651 2742 hie
672 2678 826 2748 tolleret?
858 2679 930 2744 ideo
955 2678 990 2746 0.
1010 2679 1152 2748 Claudius

19 2819 22 2823 ,
153 2768 294 2835 Pulcher
311 2767 449 2850 rettulit,
472 2771 510 2831 ut
528 2764 562 2831 O.
576 2765 695 2831 Verres
714 2772 826 2850 posset
843 2767 993 2834 auferre?
1029 2768 1077 2834 Aa
1096 2786 1152 2832 non

154 2857 342 2943 requirebat
358 2856 416 2920 ille
434 2853 559 2939 Cupido
582 2853 708 2919 lenonis
731 2854 863 2920 domum
886 2879 923 2922 ae
946 2857 1182 2922 meretriciam*

155 2946 373 3031 disciplinam,
403 2943 499 3008 facile
530 2943 589 3007 illo
618 2943 760 3010 sacrario
787 2945 895 3028 patrio
923 2947 1152 3022 continebatur3

154 3033 238 3098 Heio
267 3055 301 3098 sc
324 3055 344 3098 a
371 3031 548 3098 maioribus
570 3030 719 3096 relietum
744 3052 814 3097 esse
837 3033 962 3098 sciebat
983 3035 1019 3098 in
1040 3030 1151 3098 heredi·

154 3124 224 3185 tate
247 3142 426 3205 sacrorum,
448 3141 515 3185 non
537 3121 713 3204 quaerebat
735 3121 915 3186 meretricis
938 3120 1097 3186 heredem,

119 3215 136 3264 8
222 3205 284 3272 Sed
302 3209 380 3293 quid
398 3229 459 3296 ego
479 3211 548 3279 tam
566 3207 774 3273 vehementer
793 3209 952 3275 invehor?
974 3211 1074 3275 verbo
1095 3226 1149 3272 uno

153 3295 303 3375 repellar.
344 3295 452 3369 ‘Emit
472 3295 587 3380 inquit.
628 3295 665 3380 0,
688 3296 721 3361 di
738 3297 939 3381 inmortales,
960 3299 1181 3382 praeclaramll

155 3378 386 3444 defensionem!
421 3383 637 3448 Mercatorem
654 3385 689 3448 in
705 3385 906 3468 provinciam
929 3408 1002 3452 eum
1022 3382 1148 3470 imperio

153 3485 192 3526 ac
210 3463 376 3530 securibus
395 3469 552 3554 misimus,
570 3471 680 3536 omnia
698 3472 754 3555 qui
772 3473 875 3558 signs,
897 3475 1027 3539 tabulas
1045 3474 1149 3558 pietas,
