2402 3936
272 181 339 236 cla.
358 181 385 236 11
412 182 490 239 cns.
509 187 554 253 ce,
572 189 606 239 ct
625 189 640 250 s
660 190 807 241 irs-nc.
978 188 1041 251 241

93 323 173 390 Hoc
193 324 233 390 de
251 326 381 392 homine
399 348 437 392 ac
455 327 495 392 de
512 327 608 394 huius
626 328 721 394 bonis
745 329 845 395 etiam
866 330 902 394 in
918 329 1024 414 Eryco
1044 302 1095 429 141}

29 417 144 480 monte
177 418 424 481 monumentum
450 419 583 481 tuorum
610 415 810 499 [furtorum]
843 417 1043 504 flagitiorum

29 501 303 586 crudelitatisque
338 503 491 588 posuisti,
525 504 561 569 in
595 526 659 588 quo
693 501 807 572 Stheni
839 505 1043 572 Thermitani

28 611 151 656 nomeu
169 590 351 674 ascriptum
369 596 427 656 est.
461 590 539 657 Vidi
556 596 747 678 argenteum
760 591 952 678 Cupidinem
970 617 1042 660 cum

10 678 196 764 alampsde.
237 676 321 754 Quid
338 679 470 745 tandem
487 679 603 746 habuit
622 681 806 767 argumenti
826 686 883 748 aut
905 682 1041 748 rationis

30 789 90 849 res,
112 788 218 850 quam
238 767 280 831 ob
299 789 368 833 rem
385 769 421 833 in
439 789 476 833 eo
494 769 703 852 potissimum
720 767 934 836 Sthenianum
952 793 1042 857 prae

31 857 134 920 mium
157 856 357 939 poneretur?
385 859 495 921 utrum
516 857 579 923 hoc
602 857 733 944 signum
756 859 942 943 cupiditatis
965 865 1041 926 tuae

32 966 71 1008 au
97 949 277 1027 tropaeum
304 945 550 1010 necessitudinis
579 949 676 1029 atque
698 946 835 1030 hospitii
857 970 900 1012 an
922 949 1041 1014 amoris

31 1031 189 1097 iudicium
220 1051 290 1097 esse
316 1032 472 1098 voluisti?
521 1032 658 1099 Faciunt
684 1034 746 1099 hoc
772 1034 934 1118 homines,
961 1055 1042 1121 quos

5 1120 62 1184 sin
99 1140 234 1184 summa
269 1121 414 1204 nequitia
448 1142 515 1186 non
547 1122 653 1187 solum
684 1121 785 1187 libido
817 1126 851 1187 et
881 1125 1042 1208 voluptas,

32 1230 146 1273 verum
166 1207 269 1272 etiam
286 1208 388 1292 ipsius
406 1208 570 1293 nequitiae
587 1210 677 1275 fama
697 1209 847 1294 delectat,
869 1215 906 1275 ut
927 1212 1042 1277 multis

32 1295 167 1362 inlocis
186 1299 284 1360 notas
303 1318 341 1362 ac
363 1297 504 1384 vestigia
526 1319 658 1363 suorum
681 1297 881 1385 flagitiomm
902 1299 1042 1385 relinqui

33 1385 144 1450 velint.
182 1382 331 1449 Ardebat
349 1406 458 1450 amore
476 1385 566 1450 illius
588 1385 747 1469 hospitae,
769 1390 903 1470 propter
926 1409 1024 1472 quam
1043 1398 1093 1449 uc

33 1471 171 1556 hospitii
189 1471 263 1536 iura
280 1473 433 1557 violarat3
451 1473 513 1538 hoc
530 1495 597 1539 non
616 1473 721 1538 solum
741 1473 816 1540 sciri
833 1478 912 1560 tum,
930 1498 1042 1542 verum

8 1561 133 1626 cecam
165 1561 414 1626 commemorari
445 1583 571 1646 semper
602 1562 747 1646 volebat3
778 1561 889 1647 itaque
916 1585 956 1630 ex
982 1565 1042 1632 illa

35 1651 102 1732 ipsa
131 1670 184 1732 re,
212 1669 310 1732 quam
338 1654 509 1715 accusante
535 1649 705 1736 Agathino
733 1655 894 1736 gesserat,
921 1652 1042 1717 Veneri

36 1738 244 1820 potissimum
258 1736 368 1802 deberi
383 1738 563 1820 praemium
582 1739 708 1821 statuit,
727 1760 808 1822 quae
825 1739 918 1804 illam
936 1743 1041 1805 totam

37 1826 276 1891 accusationem
298 1824 513 1910 iudiciumque
536 1826 700 1891 conflaret.
736 1824 890 1891 Putarem
913 1830 947 1890 te
969 1848 1041 1912 gra·

36 1917 101 1978 tum
135 1914 173 1978 in
206 1913 296 1996 deos,
327 1913 357 1979 si
387 1913 450 1980 hoc
477 1914 597 1980 donum
619 1913 741 1980 Veneri
766 1935 833 1978 non
860 1913 913 1978 dc‘
927 1912 1041 1980 Stheni

9 2002 127 2068 *bonis
165 2000 323 2086 dedisses,
359 2001 415 2067 sed
451 2000 492 2067 de
521 2001 601 2086 tuis3
637 2001 723 2086 quod
753 1999 859 2068 lacere
892 2001 1041 2087 debuisti,

38 2089 230 2174 praesertim
259 2111 332 2155 cum
359 2088 420 2154 tibi
445 2089 505 2156 illo
532 2090 604 2174 ipso
633 2111 718 2157 anno
745 2111 766 2155 a
788 2087 965 2156 Chelidone
987 2112 1041 2156 ve-

38 2179 136 2244 nisset
157 2177 332 2244 hereditas.

97 2265 163 2332 Hic
182 2287 255 2352 ego,
278 2266 306 2330 si
323 2266 408 2332 hanc
431 2287 563 2332 oausam
584 2287 650 2333 non
673 2267 817 2333 omnium
840 2264 1021 2334 Siculorum
1040 2277 1092 2329 111

38 2359 152 2441 rogatu
170 2355 374 2439 recepissem,
397 2354 426 2419 si
443 2355 506 2421 hoc
523 2377 545 2420 a
561 2377 613 2420 me
636 2355 777 2420 muneris
801 2377 868 2421 non
889 2357 1041 2424 universa

10 2442 203 2526 *provincia
229 2443 445 2528 poposcisset,
473 2443 502 2512 si
529 2464 579 2509 me
607 2443 733 2509 animus
763 2447 860 2527 atque
888 2466 979 2511 amor
1006 2447 1041 2511 in

39 2551 102 2596 rem
120 2529 289 2616 publicam
307 2531 569 2615 existimatioque
588 2531 711 2597 offense
729 2531 835 2597 nostri
858 2531 979 2598 ordinis
1003 2555 1041 2599 ac

39 2617 227 2685 iudiciorum
252 2640 320 2684 non
341 2619 403 2684 hoc
424 2619 530 2684 facere
553 2618 727 2705 coegisset,
754 2622 851 2704 atque
874 2620 954 2686 haec
976 2641 1041 2686 una

41 2728 131 2772 causa
161 2706 293 2790 fuisset,
325 2707 412 2791 quod
444 2707 582 2772 amicum
614 2709 711 2791 atque
741 2707 905 2793 hospitem
932 2728 1039 2772 meum

41 2791 219 2880 Sthenium,
252 2817 348 2879 quem
380 2815 441 2880 ego
468 2796 503 2860 in
530 2799 704 2879 quaestura
731 2817 804 2862 mea
831 2795 1040 2882 singulariter

11 2881 236 2967 &dilexissem
272 2882 310 2947 de
342 2905 406 2967 quo
439 2883 561 2968 optime
592 2883 841 2966 existimassem,
878 2903 974 2966 quem
1005 2882 1039 2946 iu

42 2971 204 3053 provincia
240 2969 490 3037 existimationis
526 2992 616 3037 meae
648 2970 922 3037 studiosissimum
953 2969 1039 3054 cupi-

43 3057 269 3143 dissimumque
292 3080 492 3146 cognossem,
515 3062 584 3125 tam
607 3059 787 3142 crudeliter,
810 3058 964 3123 scelerate
986 3079 1039 3123 ue·

42 3143 180 3232 feriaque
193 3151 369 3213 tractasses
384 3183 426 3196 -
441 3151 552 3213 tamen
570 3147 669 3234 digna
687 3169 784 3213 causa
801 3144 1040 3218 videretur‚cur

43 3231 223 3301 inimicitias
251 3235 392 3301 hominis
419 3236 653 3320 improbissimi
680 3234 889 3318 susciperem,
919 3235 957 3298 ut
983 3233 1039 3298 ho·

13 3321 132 3404 aspicis
150 3325 289 3390 salutern
306 3323 518 3409 fortunasque
537 3322 748 3390 defenderem.
783 3319 941 3386 Fecerunt
958 3320 1021 3387 hoc
1040 3329 1091 3382 118

44 3410 135 3474 multi
156 3412 241 3498 apud
264 3412 403 3478 maiores
426 3415 570 3496 nostros,
595 3411 672 3477 fecit
696 3409 794 3476 etiam
816 3431 918 3495 nuper
939 3409 1038 3476 homo

44 3496 244 3586 clarissimus,
264 3498 321 3566 On.
335 3497 508 3582 Domitius,
526 3499 582 3583 qui
600 3498 642 3563 M.
658 3496 813 3582 Silanum,
836 3499 1038 3564 consularem

96 3607 145 3654 otc.
158 3613 189 3655 11
212 3617 230 3655 ι,
795 3606 826 3654 16
