2392 3944
289 203 356 264 ΜΒ.
375 209 402 264 11
430 207 506 262 chr.
525 213 630 264 sr-ao
649 215 664 275 s
682 214 796 264 er-rr.
978 205 1045 273 225

36 374 103 417 esse
128 351 322 418 nummaria.
363 351 445 419 Post
467 352 508 418 ad
531 351 652 418 amicos
675 351 817 434 rettulit3
839 351 895 435 qui
918 373 991 416 cum
1013 352 1044 416 ei

35 441 174 505 trissant
195 445 344 506 auctores
365 439 569 508 redimendae
592 441 718 524 salutis,
742 439 783 505 ad
805 438 1043 505 Timarchidem

35 529 132 593 venit.
178 528 347 614 Expositis
374 529 441 593 suis
464 527 712 594 difficultatibus
734 527 900 594 hominem
924 527 965 592 ad
987 525 1042 591 HS

35 635 129 681 uxxx
149 615 299 702 perducit
318 637 452 701 eamque
472 616 502 681 ei
520 617 690 701 pecuniam
712 619 871 681 numerat.
912 583 1097 710 Postea-²3

15 721 133 788 squam
167 705 211 769 ad
242 725 373 772 causam
405 704 573 770 dicendam
605 708 739 769 ventum
770 708 834 788 est,
865 707 936 769 tum
966 723 1043 769 vero

38 793 116 874 [sine
136 795 244 874 rnatu]
268 791 337 857 sine
359 813 437 858 cura
459 813 571 857 omnes
592 797 693 876 erant,
716 793 772 877 qui
794 791 969 877 Sopatrum
992 791 1043 855 de·

36 881 222 946 fendebant.
273 879 403 946 Crimen
432 881 559 945 nullum
592 885 676 964 erat,
707 901 758 945 res
791 885 861 945 erat
892 880 1046 962 iudicata,

37 967 153 1034 Verres
174 989 326 1034 nummos
345 972 527 1053 acceperat3
551 969 623 1052 quis
641 972 753 1054 posset
774 968 931 1051 dubitare,
954 967 1043 1053 quid·

36 1079 108 1122 nam
129 1061 221 1122 esset
237 1055 405 1122 futurum?
436 1057 501 1121 Res
519 1056 579 1122 illo
600 1057 651 1120 die
663 1078 740 1135 non
761 1060 942 1142 peroratur,
963 1056 1043 1120 iudi·

8 1147 119 1210 ocium
148 1145 337 1210 dimittitur.
386 1144 510 1210 Iterum
542 1143 583 1210 ad
614 1143 790 1230 Sopatrum
822 1142 1043 1208 Timarchides

37 1235 138 1316 venit,
168 1233 218 1298 ait
246 1236 448 1298 accusatores
475 1233 544 1298 eius
567 1233 672 1297 multo
695 1233 852 1298 maiorem
874 1231 1044 1318 pecuniam

37 1321 182 1405 praetori
196 1321 353 1405 polliceri,
372 1341 469 1406 quam
484 1324 640 1405 quantam
656 1320 710 1386 hic
727 1320 882 1403 dedisset3
900 1318 1045 1404 proinde,

39 1410 63 1473 ei
80 1412 226 1494 saperet,
249 1408 371 1474 videret
391 1408 482 1493 [quid
500 1409 563 1474 sibi
583 1413 670 1474 esset
685 1408 890 1490 faciendum}
926 1406 1045 1490 Homo,

39 1519 237 1584 quamquam
265 1500 336 1562 erat
362 1500 396 1563 et
421 1495 547 1563 Siculus
575 1500 723 1580 atreus,
748 1497 811 1563 hoc
837 1499 888 1562 est
915 1499 949 1560 et
975 1495 1044 1561 iure

8 1587 150 1670 uinique
176 1589 211 1650 et
233 1589 379 1671 tempore
402 1585 551 1668 adverso,
573 1584 658 1650 ferre
680 1589 791 1650 tamen
813 1589 911 1669 atque
934 1584 1044 1649 audire

40 1675 157 1739 diutius
165 1672 406 1739 Timarchidem
416 1695 482 1738 non
492 1673 610 1758 potuit.
629 1671 799 1757 ‘Facite’,
807 1673 923 1756 inquit,
933 1671 1045 1756 ‘quod

40 1763 150 1846 libet3
179 1761 342 1826 daturus
368 1783 442 1826 non
470 1783 551 1826 sum
576 1759 763 1844 amplius?
807 1759 960 1844 Idemque
983 1758 1045 1823 hoc

41 1851 149 1915 amicis
170 1849 242 1915 eius
261 1853 295 1914 et
317 1849 537 1915 defensoribus
560 1848 740 1930 videbatur,
763 1851 861 1931 atque
884 1867 922 1911 eo
945 1846 1045 1910 etiam

41 1939 158 2025 magis,
188 1938 275 2024 quod
301 1937 377 2021 iste,
404 1958 533 2022 quoquo
561 1935 657 2003 modo
681 1957 715 2001 se
737 1935 772 1999 in
795 1955 834 2000 ea
857 1933 1045 2018 quaestione

6 2031 31 2080 ‘a
41 2027 233 2110 praebebat,
264 2026 300 2090 in
330 2025 465 2092 consilio
496 2029 608 2090 tamen
637 2021 781 2090 habebat
811 2022 960 2088 homines
987 2020 1046 2086 ho-

41 2119 148 2180 nestos
173 2135 193 2178 e
220 2117 380 2180 conventu
402 2112 618 2198 Syracusano,
645 2114 702 2198 qui
724 2109 891 2178 Sacerdoti
918 2131 1045 2195 quoque

41 2202 240 2269 inconsilio
267 2199 396 2267 fixerant
422 2206 507 2285 tum,
539 2223 612 2267 curn
639 2205 690 2266 est
715 2201 802 2265 idem
828 2199 881 2265 hic
909 2195 1046 2285 Sopater

42 2291 221 2356 absolutus.
269 2288 340 2355 Hoc
366 2289 503 2356 rationis
530 2287 709 2374 habebant,
737 2288 843 2354 facere
872 2308 926 2354 eos
953 2288 1045 2353 nullo

42 2379 134 2444 modo
158 2397 266 2464 posse,
289 2381 326 2442 ut
348 2378 460 2442 eodem
483 2377 617 2443 crimine
640 2377 761 2442 eisdem
782 2376 922 2441 testibus
946 2374 1045 2462 Sopa-

12 2470 127 2532 strum
154 2465 409 2532 condemnarent
434 2465 520 2530 idem
546 2465 708 2549 homines,
735 2464 791 2550 qui
818 2468 914 2530 antea
941 2465 1046 2530 absol·

43 2555 173 2620 cissent.
206 2553 322 2638 Itaque
337 2554 399 2619 hac
416 2575 482 2618 una
500 2575 557 2639 spe
576 2554 618 2618 ad
635 2553 788 2618 iudicium
806 2552 943 2618 venitur.
975 2551 1101 2626 Quom

44 2647 257 2727 posteaquam
280 2645 331 2707 est
352 2646 494 2726 rentum,
517 2663 589 2707 cum
611 2641 647 2706 in
669 2641 840 2707 consilium
861 2640 1046 2724 frequentes

44 2731 268 2795 convenissent
285 2729 378 2814 idem,
401 2730 457 2814 qui
475 2730 634 2812 solebant,
657 2733 690 2794 et
707 2729 769 2796 hac
788 2731 878 2811 [una]
898 2749 955 2812 spe
975 2728 1048 2791 tota

44 2818 185 2884 defensio
205 2816 337 2902 Sopatri
353 2818 520 2902 niteretur,
542 2817 671 2883 consilii
688 2818 871 2904 frequentia
889 2819 922 2878 ct
945 2813 1047 2899 digni·

14 2909 120 2989 aare,
139 2911 173 2971 et
192 2906 279 2990 quod
297 2910 399 2990 erant,
415 2909 454 2970 ut
472 2906 547 2990 dixi,
564 2905 659 2990 idem,
682 2907 738 2990 qui
758 2909 855 2971 antea
872 2900 1048 2986 Sopatrum

45 2995 154 3060 eodem
190 2995 250 3059 illo
288 2994 420 3060 crimine
457 2993 649 3078 liberarant,
685 2992 870 3079 cognoscite
906 2987 1047 3053 hominis

45 3086 191 3167 apertam
213 3104 251 3148 ac
272 3103 339 3147 non
360 3083 456 3147 modo
480 3083 571 3162 [nou]
594 3082 734 3166 ratione,
757 3080 875 3145 sedne
899 3076 1048 3142 dissimu-

44 3169 165 3235 latione
185 3169 314 3255 quidem
338 3173 460 3235 tectam
484 3169 718 3254 inprobitatem
741 3173 775 3233 et
798 3165 973 3233 audaciam.
1003 3163 1047 3230 M.

44 3256 209 3344 Petilium,
237 3259 379 3342 equitem
401 3258 598 3342 Romanum,
626 3279 721 3342 quem
748 3256 892 3320 habebat
917 3255 953 3319 in
975 3273 1047 3318 con-

16 3345 129 3428 uduo,
146 3347 236 3412 iubet
250 3367 383 3432 operam
402 3347 487 3430 dare,
506 3347 592 3431 quod
610 3347 657 3412 rei
674 3345 821 3431 privatae
839 3342 934 3408 iudex
953 3345 1048 3407 esset.

46 3431 179 3499 Petilius
210 3435 396 3519 recusabat,
428 3434 515 3519 quod
544 3455 619 3499 auos
648 3433 782 3518 amicos,
813 3453 895 3518 quos
923 3430 986 3497 sibi
1013 3430 1049 3493 in

47 3521 179 3587 consilio
205 3539 276 3588 esse
301 3523 412 3607 vellet,
439 3522 509 3608 ipse
527 3521 645 3588 Verres
669 3522 824 3588 retineret
845 3521 880 3585 in
903 3516 1039 3585 consilio

1 3663 2 3689 ,
97 3631 195 3678 clun
209 3639 229 3678 1.
800 3629 834 3678 lt
