2470 3936
157 151 224 215 474
459 149 500 202 IN
518 148 547 204 0.
562 147 717 204 VERREM
733 147 812 202 AOP.
831 149 865 204 IL

156 315 229 359 rum
257 291 364 378 operis
392 313 430 357 ac
453 292 622 358 laboribus
645 291 826 375 quaeritur,
853 290 910 375 qui
930 313 953 356 a
972 291 1150 376 pematibus

158 403 216 467 spe
232 381 338 446 nostri
354 379 484 465 imperii
505 383 700 464 nostraeque
721 379 899 464 aequitatis
922 379 1064 464 suscepti
1083 378 1152 444 edu-

157 471 286 555 catique
312 472 402 552 sunt,
428 469 469 534 ad
496 465 662 534 everris
688 467 850 534 nefariam
876 468 1101 534 inmanitatem
1123 471 1154 532 et

105 557 734 624 ¹²4edeiustunestamseourearesse
752 557 922 622 matos?
958 555 1155 632 Quommibi

156 646 369 732 Tyndaritani
394 645 483 710 illius
509 645 600 710 venit
621 644 657 710 in
678 648 834 728 mentera,
861 665 961 729 quom
983 641 1178 730 Segestanis

155 740 227 800 tum
240 735 313 799 iura
325 734 423 798 simul
436 733 607 799 civitatum
622 736 720 816 atque
738 731 849 798 officia
865 732 1044 800 eonmdero.
1076 731 1156 808 Qum

154 824 254 888 nrbes
266 821 303 886 P.
311 821 486 886 Africanus
499 821 599 886 etiam
615 820 776 888 ornandas
794 841 867 886 esse
883 821 1000 906 spoliis
1018 820 1158 887 hosfium

155 911 334 976 arbitratus
366 914 430 993 est,
462 931 516 974 eas
543 907 579 974 C.
598 907 718 976 Verres
742 929 811 976 non
838 909 945 974 solum
972 909 1042 976 illia
1071 930 1159 974 uma

155 998 288 1081 mentm,
319 997 377 1064 sed
407 997 507 1063 etiam
537 997 617 1062 viria
647 996 862 1062 nobilissimis
890 997 1017 1064 nesano
1045 997 1159 1064 scelere

155 1087 307 1174 privavit.
351 1085 416 1172 En,
444 1085 530 1170 quod
556 1084 770 1168 Tyndaritani
796 1085 938 1150 libenter
964 1085 1192 1170 praedicerem

156 1175 251 1242 ‘Nos
282 1175 324 1240 in
354 1173 627 1260 septemdecim
657 1173 815 1258 populis
844 1171 1008 1240 Siciliae
1039 1194 1161 1240 nume·

154 1285 299 1347 ramur‚
316 1283 385 1328 nos
405 1283 555 1346 semper
573 1262 748 1328 omnibus
766 1260 925 1328 Punicis
942 1259 1161 1328 Siciliensi-

155 1352 303 1436 busque
329 1351 448 1416 bellis
475 1349 688 1416 amicitiam
713 1349 908 1433 fidemque
934 1350 1073 1434 populi
1093 1349 1161 1418 Ro·

154 1441 258 1503 mani
293 1438 417 1504 secuti
452 1459 595 1520 sumus,
630 1459 652 1504 a
685 1437 798 1504 nobis
833 1438 988 1519 [omnis]
1021 1438 1159 1523 populo

153 1526 323 1591 Romano
342 1547 492 1610 semper
510 1529 547 1590 et
565 1526 664 1590 beili
681 1525 904 1592 adiumenta
921 1530 961 1590 et
976 1526 1088 1611 pacis
1104 1547 1158 1591 or·
1170 1540 1192 1584 1⁵

11 1661 13 1669 ι
153 1617 335 1680 nements
357 1613 585 1678 ministrata
608 1613 719 1678 sunt?
753 1613 896 1680 Multum
918 1635 997 1679 rere
1019 1615 1103 1680 haec
1121 1613 1158 1678 iis

8 1787 9 1790 Ἴ
104 1717 155 1768 125
172 1702 245 1768 iura
257 1701 450 1788 profuerunt
462 1701 498 1767 in
510 1702 605 1766 istim
619 1702 756 1786 imperio
769 1724 808 1768 ac
821 1703 1002 1786 potestate!
1027 1701 1158 1768 Vestros

7 1795 9 1818 '
155 1791 320 1876 quondam
341 1794 459 1856 nautas
482 1793 597 1856 contre
613 1788 848 1876 Carthaginem
870 1788 981 1875 Scipio
1003 1790 1106 1874 duxit,
1126 1792 1159 1854 at

153 1901 240 1944 nunc
252 1901 370 1945 narem
383 1881 497 1944 contm
510 1877 689 1961 praedones
706 1899 810 1962 paene
827 1878 958 1946 inanem
973 1876 1158 1946 Cleomenes

155 1967 257 2050 ducit3
282 1967 452 2034 vobiscum
468 1965 642 2032 Africanus
664 1966 809 2038 hostiurn
831 1965 939 2050 spolia
960 1971 996 2031 et
1017 1966 1192 2051 praemisa

154 2055 261 2119 landis
274 2055 533 2137 communicavit,
552 2059 587 2120 et
602 2075 687 2120 nunc
701 2053 727 2136 †
741 2075 801 2138 per
817 2075 870 2118 me
889 2054 1026 2138 spoliati
1041 2075 1124 2122 nare
1140 2076 1158 2118 a

153 2141 371 2226 praedonibus
395 2142 534 2206 obducta
556 2142 621 2226 ipsi
642 2142 678 2206 in
698 2141 844 2208 hostium
867 2143 940 2208 loco
961 2163 1157 2226 numeroque

153 2228 316 2292 dommini.
362 2227 447 2302 Quid
472 2230 572 2294 vero?
604 2230 663 2294 illa
684 2227 939 2316 Segestanorum
964 2253 1034 2296 nou
1056 2231 1157 2296 solum

152 2315 273 2382 litteris
290 2315 414 2388 tradita
430 2337 534 2400 neque
552 2322 806 2383 commemorata
826 2318 946 2402 uerbis,
969 2319 1028 2384 sed
1049 2318 1157 2384 multis

152 2403 268 2470 officiis
286 2405 420 2470 illorum
437 2409 594 2490 usmpata
612 2409 646 2470 et
667 2405 881 2490 comprobata
901 2407 1058 2492 cognatio
1080 2427 1157 2491 quos
1168 2423 1191 2464 a

151 2492 284 2558 tandem
297 2491 423 2560 fruetus
441 2492 574 2558 huiusce
591 2493 837 2558 necessitudinis
855 2493 892 2558 in
908 2494 1006 2560 istius
1023 2494 1156 2578 imperio

117 2604 120 2608 ·
151 2581 252 2645 tulit?
288 2581 414 2667 Nempe
427 2580 488 2646 hoo
505 2581 574 2646 iure
591 2580 664 2664 fuit,
681 2581 812 2665 iudices,
828 2584 866 2646 ut
884 2602 923 2646 ex
941 2582 1016 2647 sinu
1034 2583 1156 2668 patriae

150 2667 374 2734 nobilissimus
389 2668 576 2734 adulescens
596 2671 642 2749 [et
660 2691 700 2733 ex
717 2669 877 2754 conplexu
890 2670 1011 2736 'mab'is
1029 2674 1156 2756 ereptus

150 2757 304 2822 innocens
331 2757 434 2838 filius]
463 2757 558 2822 istius
582 2756 724 2822 carnifici
746 2755 857 2824 Sextio
880 2757 1062 2826 dederetur.
1100 2756 1156 2824 (lui

150 2845 278 2911 civitati
304 2845 444 2910 maiores
465 2845 572 2910 nostri
593 2845 752 2910 maximos
774 2865 873 2932 egros
895 2850 995 2931 atque
1015 2847 1192 2932 optimae

150 2937 386 3016 concesserunt,
401 2954 497 3017 quom
510 2933 686 2999 immunem
699 2953 771 3000 esse
783 2934 966 3018 voluerunt,
978 2933 1062 3000 baec
1074 2935 1157 3020 apud

149 3025 183 3085 te
197 3021 412 3108 cognationis,
428 3021 605 3104 fidelitatis,
622 3021 807 3105 vetustatis,
823 3023 1030 3088 auctoritatis
1043 3045 1086 3088 ne
1098 3023 1156 3090 boc

151 3109 280 3190 quidem
293 3109 373 3176 iuris
388 3109 538 3195 optinuit,
555 3113 593 3174 ut
607 3109 702 3176 unius
715 3109 939 3176 honestissimi
952 3115 1053 3196 atque
1070 3112 1156 3178 inno

96 3197 330 3315 48centissimi
359 3197 438 3264 civis
469 3201 609 3264 mortem
640 3220 678 3264 ae
704 3199 896 3284 sanguinem
921 3199 1155 3284 deprecaretur.

97 3328 149 3376 ηδ
218 3283 289 3356 Quo
308 3285 497 3369 confugient
515 3286 616 3351 socii?
639 3307 735 3370 quem
755 3286 990 3372 inplorabunt?
1013 3309 1081 3372 qua
1103 3301 1188 3374 spe&

150 3366 301 3463 denique,
326 3374 364 3432 ut
386 3371 494 3436 vivere
516 3373 632 3456 velint,
659 3375 868 3459 tenebuntur,
893 3375 924 3439 si
944 3396 1005 3440 ros
1027 3397 1087 3442 eos
1108 3377 1154 3442 de

149 3451 287 3514 seretrs?
318 3453 372 3517 Ad
390 3461 608 3540 senatum[ne]
627 3461 781 3526 venient?
817 3462 923 3538 Quid?
949 3466 989 3527 ut
1006 3463 1047 3528 de
1056 3462 1154 3528 Verre
