2470 3936
323 171 390 226 LIB.
406 173 432 226 V
464 171 542 228 cAP.
563 180 595 226 72
615 183 629 238 1
650 180 796 228 111-119.
999 174 1065 238 4119

55 319 94 380 ut
121 315 236 381 ceteris
263 315 339 381 hinc
365 317 489 380 tradita
517 338 586 381 esse
613 317 798 400 videantur,
827 339 909 401 quae
935 317 976 381 ab
999 317 1063 382 isto

56 425 121 468 uno
141 404 187 468 sic
200 403 334 488 polluta
353 427 391 470 ac
409 405 532 470 violata
551 408 635 486 sunt,
657 411 694 468 ut
713 406 922 470 simulacrum
936 402 1063 470 Cereris

23 539 30 544 -
56 513 170 574 unum,
201 492 287 575 quod
315 515 335 556 1
361 493 431 557 viro
459 514 525 557 non
552 494 648 557 modo
677 495 782 578 tangi,
811 493 867 558 sed
893 515 934 557 ne
963 493 1065 577 aspici

57 580 187 662 quidem
205 579 256 644 far
277 580 349 664 fuit,
372 603 390 644 e
413 581 554 645 sacrario
570 579 687 645 Catina
710 582 955 647 convellendum
978 581 1064 644 aufe·

16 683 29 722 5
55 667 255 751 rendumque
285 669 460 751 curaverit,
492 669 631 733 alterum
659 674 767 733 autem
794 669 911 733 Henna
939 691 977 734 ex
1005 691 1064 733 sua

56 755 131 820 sede
155 777 192 820 ac
215 755 311 821 dorno
335 757 518 840 sustulerit,
541 756 627 840 quod
650 760 721 821 erat
743 758 824 840 tale,
846 762 883 821 ut
905 757 1063 840 homines,

56 865 129 907 cum
167 843 327 926 viderent,
368 849 424 908 aut
461 845 568 928 ipsam
604 845 712 910 videre
748 867 783 910 se
820 843 970 910 Cererem
1006 850 1064 909 aut

56 931 198 1015 effigiem
226 929 352 996 Cereris
383 953 450 996 non
478 932 622 996 humana
648 932 909 1016 manufactam,
940 933 997 996 sed
1024 933 1063 997 de

55 1020 145 1082 caelo
173 1018 300 1104 lapsam
328 1019 578 1084 arbitrarentur:
604 1041 664 1085 vos
696 1020 796 1085 etiam
824 1024 921 1104 atque
944 1021 1044 1085 etiam
1065 1034 1115 1086 188

17 1127 42 1166 ro
56 1107 185 1190 inploro
205 1111 237 1171 et
256 1108 396 1192 appello,
420 1108 644 1172 sanctissimae
668 1108 754 1192 deae,
778 1130 859 1192 quae
882 1108 958 1172 illos
977 1107 1063 1172 Hen-

54 1194 164 1258 nensis
200 1195 289 1260 lacus
326 1197 479 1279 lucosque
515 1196 656 1260 incolitis
693 1201 890 1280 cunctaeque
924 1193 1063 1280 Siciliae,

56 1304 138 1364 quae
153 1282 233 1347 mihi
252 1283 451 1348 defendenda
469 1283 570 1348 tradit
556 1287 592 1346 ta
610 1287 661 1348 est
661 1284 888 1368 ,praesidetis
907 1307 926 1348 a
945 1284 1061 1367 quibus

55 1370 196 1434 inventis
227 1371 377 1456 frugibus
410 1377 443 1436 et
474 1372 509 1436 in
541 1372 653 1436 orbem
684 1377 846 1436 terrarum
878 1372 1061 1436 distributis

56 1479 169 1522 omnes
202 1464 317 1544 gentes
349 1481 387 1524 ac
417 1459 566 1523 nationes
598 1460 701 1525 vestri
731 1459 889 1546 religione
920 1459 1062 1524 numinis

18 1563 41 1604 15
55 1545 275 1631 continentur;
299 1547 468 1612 ceterosit
440 1569 521 1612 rem
539 1547 616 1612 deos
635 1548 774 1631 deasque
798 1569 909 1612 ornnes
932 1548 1061 1632 inploro

56 1638 90 1698 et
118 1634 279 1718 obtestor,
307 1657 444 1719 quorum
471 1635 603 1718 templis
631 1639 664 1699 et
688 1635 934 1720 religionibus
924 1639 987 1700 1111
1010 1657 1062 1700 ne-

55 1721 140 1785 fario
155 1722 296 1805 quodam
309 1725 418 1788 furore
433 1727 466 1787 et
481 1723 614 1787 audacia
632 1724 806 1788 instinctus
824 1723 948 1787 bellum
966 1723 1063 1787 sacri-

56 1810 168 1894 legum
193 1832 319 1896 semper
341 1811 541 1896 impiumque
563 1811 679 1876 habuit
701 1810 872 1894 indictum,
899 1813 949 1894 ut,
978 1810 1063 1874 siin

56 1897 119 1962 hoc
145 1919 201 1963 reo
229 1904 326 1983 atque
352 1900 388 1963 in
413 1899 475 1964 hac
502 1921 600 1964 causa
627 1899 736 1964 omnia
763 1920 836 1963 mea
862 1899 998 1962 consilia
1022 1898 1063 1962 ad

18 2003 43 2042 n
57 1985 197 2050 salutern
233 1987 409 2070 sociorum,
450 1987 645 2088 dignitatem
681 1987 728 2051 rei
763 1986 926 2087 publicae,
964 1986 1062 2050 fidem

56 2095 163 2138 meam
183 2078 419 2159 spectavenmt,
441 2097 469 2139 11
459 2075 612 2139 nullam
631 2075 758 2140 adrem
776 2074 841 2138 nis1
831 2073 900 2138 ad
918 2074 1062 2138 officium

57 2168 90 2225 et
102 2161 258 2226 virtutem
273 2185 384 2228 omnes
401 2185 492 2228 meae
511 2185 615 2247 curae,
633 2163 766 2264 vigiliae
783 2161 1063 2248 cogitationesque

57 2249 280 2350 elaborarunt,
317 2273 399 2334 quae
436 2273 509 2316 mea
540 2273 631 2316 mens
663 2252 698 2315 in
730 2250 933 2352 suscipienda
965 2271 1062 2314 causa

55 2337 132 2420 fuit,
159 2337 276 2401 fides
266 2360 302 2402 m
324 2339 462 2423 agenda,
490 2338 601 2403 eadem
624 2343 734 2404 vestra
756 2338 832 2402 sit'
822 2361 857 2402 111
879 2338 1062 2420 iudicanda3

19 2443 42 2484 11
58 2388 170 2490 (11111111
188 2425 238 2491 uti
257 2424 291 2491 0.
305 2424 450 2510 Verrem,
473 2427 502 2489 si
520 2427 588 2490 eius
612 2427 721 2490 omnia
743 2430 820 2490 sunt
841 2425 1043 2490 inauditaet
1029 2429 1114 2489 1189
1219 2491 1220 2504 ,

55 2513 237 2599 singularia
263 2512 408 2578 facinora
433 2514 576 2596 sceleris,
605 2514 771 2598 audaciae,
797 2513 963 2598 perfidiae,
990 2513 1062 2577 libi·

56 2601 154 2685 dinis,
182 2602 352 2686 avaritiae,
376 2601 590 2684 crudelitatis,
613 2601 731 2687 dignus
755 2601 859 2666 exitus
883 2602 950 2666 eius
974 2601 1063 2666 modi

55 2691 125 2754 vita
157 2693 256 2774 atque
282 2691 378 2756 factis
406 2693 515 2756 vestro
542 2688 660 2754 iudicio
689 2694 918 2774 consequatur,
950 2689 1061 2773 utique

55 2799 108 2842 res
140 2777 271 2862 publica
302 2800 437 2863 meaque
468 2778 548 2843 fides
578 2799 642 2842 una
668 2777 730 2842 hac
758 2778 962 2843 accusatione
989 2800 1062 2842 mea

18 2879 42 2920 ³⁰
55 2869 210 2931 contenta
238 2866 281 2930 111
309 2867 452 2952 mihique
474 2865 612 2951 posthac
634 2865 737 2930 bonos
760 2867 869 2950 potius
893 2865 1061 2931 defendere

56 2954 154 3020 liceat
177 2976 274 3039 quam
297 2955 452 3040 inprobos
477 2975 626 3021 accusare
649 2975 779 3019 necesse
802 2954 854 3018 sit.
