2386 3938
267 171 333 227 LIB.
355 173 366 226 l
405 171 482 231 CAP.
502 177 588 226 9-11
607 177 623 238 5
643 177 757 227 aes-31.
955 173 1018 238 151

42 336 235 400 compereor
255 316 345 400 ipsos
368 315 445 399 dies,
466 337 526 400 per
548 337 629 400 quos
652 334 784 380 causam
802 313 865 381 Dio
889 316 1020 401 diceret,

41 404 207 487 reperiretur
239 404 390 488 pecunias
420 403 597 488 sumpsisse
624 407 769 486 mutuas,
800 404 933 470 nomina
960 427 1020 471 sua

42 491 171 576 erepsse,
205 491 338 576 praedia
372 491 569 575 vendidisse,
603 512 677 558 cum
710 491 844 556 tabulae
875 491 1019 560 virorum

41 579 171 644 bcuomm
197 579 434 665 proferrentur,
461 600 548 662 cum,
575 579 632 663 qui
653 579 824 663 pecuniam
846 577 946 644 Dioni
968 581 1019 646 de

28 665 139 750 iderunt,
156 667 298 732 dicerent
318 689 353 732 se
370 667 437 732 iam
454 671 526 732 tum
544 667 671 732 audisse
690 689 728 732 eo
751 689 901 733 nummos
925 668 1019 753 sumi,

41 757 67 817 ut
76 752 158 819 Verri
176 755 339 838 darentur,
358 777 430 820 cum
449 755 554 839 amici,
572 755 728 840 hospites,
746 756 877 840 patroni
893 755 1019 841 Dionis,

41 841 159 907 hommes
175 843 407 927 honestissimi,
429 843 511 909 haec
529 843 641 909 eadem
659 865 694 908 se
715 843 842 909 audisse
861 844 1018 910 dicerent:

42 929 141 1016 opinor,
170 953 245 996 cum
276 931 357 996 haec
386 932 514 1015 fierent,
546 935 617 996 tum
648 951 707 997 vos
735 932 903 1015 audiretis,
935 933 1019 1000 sicut
1037 946 1072 995 as

41 1017 157 1102 audistis,
178 1024 251 1084 tum
269 1016 368 1084 causa
386 1020 442 1106 agi
458 1041 534 1084 vere
552 1019 724 1085 videretur.
756 1017 809 1084 Sic
828 1043 847 1085 a
867 1041 919 1085 me
943 1026 1020 1087 sunt

28 1108 94 1169 lacta
113 1107 216 1172 omnia
239 1107 348 1192 priore
371 1107 512 1190 actione,
538 1110 576 1171 ut
597 1107 633 1172 iu
655 1107 845 1172 criminibus
868 1108 1018 1174 omnibus

41 1193 137 1258 rehum
166 1200 267 1279 esset,
295 1195 331 1260 in
360 1216 423 1278 quo
454 1195 625 1279 quisquam
654 1199 799 1260 restrum
828 1199 1020 1280 perpetuam

41 1283 250 1348 screationum
268 1283 455 1367 requireret.
490 1281 585 1370 Nego
604 1304 676 1349 esse
698 1283 909 1368 quicquamst
927 1285 1019 1350 testi-

42 1367 215 1455 ludintun,
237 1371 323 1454 quod
337 1374 394 1436 aut
407 1374 554 1436 vestrum
572 1371 722 1455 cuiquem
741 1375 828 1436 esset
846 1373 1018 1438 obscurum

43 1459 82 1518 rut
92 1459 272 1544 cuiusquam
286 1459 426 1525 oratoris
440 1459 660 1544 eloquentiam
678 1463 855 1544 quaereret.
885 1459 1019 1526 Etenim
1030 1457 1070 1522 11

28 1543 75 1607 trie
95 1569 137 1611 me
157 1547 268 1631 ipsum
296 1547 402 1632 egisse
423 1547 581 1612 memoria
603 1549 735 1632 tenetis,
761 1551 799 1613 ut
820 1548 855 1613 in
876 1549 1017 1615 testibus

44 1629 251 1721 interrogandis
264 1636 375 1701 omnia
388 1635 525 1701 crimina
538 1657 753 1721 proponerem
767 1640 800 1700 ct
814 1637 1019 1721 explicarem,

45 1721 75 1800 ul,
91 1743 152 1788 cum
168 1745 241 1789 rem
258 1726 364 1788 totam
386 1724 422 1788 in
444 1723 550 1788 medio
573 1724 765 1808 posuissem,
786 1725 858 1787 tum
881 1723 1018 1806 denique

45 1809 130 1874 tentem
142 1811 387 1897 interrogarem.
419 1811 534 1895 Itaque
547 1833 614 1876 non
630 1810 726 1876 modo
742 1831 812 1890 vos,
830 1810 948 1892 quibus
968 1813 1019 1874 est

45 1891 223 1983 iudicandum,
247 1903 361 1964 nostra
379 1899 515 1964 crimina
533 1897 661 1981 tenetis,
685 1898 741 1961 sed
760 1897 861 1961 etiam
878 1898 1019 1982 populus

28 1977 176 2052 stomun:
198 1990 307 2052 totam
330 1986 569 2052 accusationem
592 2006 787 2068 causamque
808 1984 973 2070 cognovit.

89 2072 223 2140 Tametsi
245 2075 294 2139 ita
316 2074 355 2139 de
377 2096 449 2139 meo
472 2073 560 2139 facto
583 2074 714 2158 loquor,
737 2073 831 2156 quasi
852 2093 914 2158 ogo
937 2073 1020 2138 illud

47 2176 97 2222 nea
119 2164 290 2228 voluntate·
313 2163 423 2246 potius
453 2183 552 2246 quam
581 2165 691 2226 vestra
716 2161 835 2226 iniuria
862 2160 1018 2228 adductus

47 2241 150 2314 soccum.
197 2250 446 2334 Interposuistis
478 2244 712 2333 accusatorem,
748 2249 818 2333 qui,
851 2271 925 2315 cum
957 2272 1018 2336 ego
1038 2261 1073 2312 ³0

48 2332 140 2401 uilio
162 2342 193 2403 et
217 2357 244 2403 x
265 2337 332 2402 dies
356 2338 444 2404 solos
467 2337 503 2402 in
525 2335 669 2402 Siciliam
692 2337 919 2422 postulassem,
943 2355 963 2404 c
986 2341 1020 2403 et

28 2427 90 2484 Ιιιιι
115 2425 170 2490 sibi
195 2427 233 2490 in
259 2425 419 2491 Achaiam
447 2426 639 2509 postularet.
687 2423 815 2490 Menses
843 2425 925 2490 mihi
950 2430 1019 2491 tres

49 2525 97 2572 eum
114 2513 307 2598 eripuissetis
331 2513 373 2578 ad
395 2512 555 2599 agendum
579 2513 718 2578 maxime
741 2513 924 2598 appositos,
946 2514 1020 2579 reli·

49 2612 118 2673 quum
133 2622 224 2666 omne
245 2605 374 2686 tempus
397 2600 493 2665 huius
517 2601 594 2665 anni
616 2622 668 2665 me
690 2600 783 2666 vobis
806 2602 1020 2666 remissurum

48 2685 166 2772 putastis,
191 2692 244 2772 ut,
271 2710 344 2753 cum
371 2688 461 2753 horis
488 2688 611 2756 nostris
638 2709 698 2754 nos
724 2707 867 2754 essemus
890 2687 955 2771 usi,
981 2690 1020 2753 tu

49 2764 107 2836 binis
121 2775 201 2842 ludis
220 2776 421 2860 interpositis
445 2775 693 2862 quadragesimo
716 2780 793 2861 post
816 2776 867 2840 die
889 2795 1020 2859 respon-

28 2852 120 2944 ”derea
139 2863 250 2946 deinde
268 2865 316 2929 ita
334 2868 463 2948 tempus
482 2864 659 2947 duceretur,
682 2867 720 2928 ut
738 2885 758 2928 a
776 2863 827 2928 M’.
842 2861 1020 2927 Glabrione

50 2953 163 3022 praetore
189 2957 224 3018 et
250 2975 270 3017 a
296 2973 417 3038 magna
442 2955 536 3036 parte
562 2951 679 3018 horum
702 2951 843 3016 iudicum
867 2950 908 3014 ad
930 2971 1021 3034 prae·

49 3030 124 3102 torem
158 3041 257 3106 alium
294 3040 478 3124 iudicesque
517 3039 598 3106 alios
636 3039 828 3104 veniremus.
884 3036 956 3103 Hoc
993 3037 1022 3103 si
1039 3049 1075 3098 ιι

51 3135 91 3202 ιιι
111 3146 168 3192 non
194 3128 361 3212 vidissem,
389 3127 417 3192 si
444 3149 495 3193 me
521 3149 588 3193 non
615 3147 726 3192 omnes
753 3124 825 3189 noti
851 3125 1021 3212 ignotique

51 3213 227 3300 renoscent,
256 3216 290 3281 id
316 3216 385 3302 agi,
412 3216 445 3279 id
473 3215 624 3301 cogitari,
651 3214 686 3279 in
714 3233 752 3278 eo
780 3213 957 3296 elaborari,
983 3217 1022 3278 ut

31 3297 85 3358 tres
98 3298 126 3364 in
139 3303 217 3369 illud
234 3308 363 3389 tempus
384 3305 568 3387 reiceretur,
590 3302 695 3386 credo,
718 3301 748 3366 si
770 3301 851 3366 meis
874 3301 964 3366 horis
987 3301 1022 3368 in

53 3391 193 3456 acuendo
211 3393 261 3458 nti
279 3392 465 3475 voluissem,
483 3411 620 3475 vererer,
641 3411 683 3455 ne
702 3389 783 3454 mihi
802 3389 938 3454 crimina
955 3411 1023 3455 nou

53 3480 234 3564 suppeterent,
265 3501 306 3545 ne
333 3479 438 3546 oratio
466 3479 606 3562 deesset,
634 3499 676 3542 ne
702 3499 766 3543 vox
792 3477 941 3560 viresque
970 3476 1023 3539 de-
