<?xml version="1.0" encoding="UTF-8"?>
<!DOCTYPE html PUBLIC "-//W3C//DTD XHTML 1.0 Transitional//EN"
    "http://www.w3.org/TR/xhtml1/DTD/xhtml1-transitional.dtd">
<html xmlns="http://www.w3.org/1999/xhtml" xml:lang="en" lang="en">
 <head>
  <title>
</title>
<meta http-equiv="Content-Type" content="text/html;charset=utf-8" />
  <meta name='ocr-system' content='tesseract 3.04.00' />
  <meta name='ocr-capabilities' content='ocr_page ocr_carea ocr_par ocr_line ocrx_word'/>
</head>
<body>
  <div class='ocr_page' id='page_1' title='image "./mtulliiciceroni02mlgoog/mtulliiciceroni02mlgoog_0145.png"; bbox 0 0 2422 3952; ppageno 0'>
   <div class='ocr_carea' id='block_1_1' title="bbox 137 184 878 258">
    <p class='ocr_par' dir='ltr' id='par_1_1' title="bbox 137 184 878 258">
     <span class='ocr_line' id='line_1_1' title="bbox 137 184 878 258; baseline -0.008 -11"><span class='ocrx_word' id='word_1_1' title='bbox 137 193 179 258; x_wconf 81' lang='grc'><strong>28</strong></span> <span class='ocrx_word' id='word_1_2' title='bbox 404 188 476 244; x_wconf 84' lang='lat' dir='ltr'><strong>PRO</strong></span> <span class='ocrx_word' id='word_1_3' title='bbox 495 188 525 244; x_wconf 90' lang='lat' dir='ltr'><strong>P.</strong></span> <span class='ocrx_word' id='word_1_4' title='bbox 544 185 716 253; x_wconf 78' lang='lat' dir='ltr'>QUINOTIO</span> <span class='ocrx_word' id='word_1_5' title='bbox 735 184 878 241; x_wconf 82' lang='lat' dir='ltr'><strong>ORATIO.</strong></span> 
     </span>
    </p>
   </div>
   <div class='ocr_carea' id='block_1_2' title="bbox 135 324 1194 844">
    <p class='ocr_par' dir='ltr' id='par_1_2' title="bbox 135 324 1194 844">
     <span class='ocr_line' id='line_1_2' title="bbox 137 324 1147 418; baseline -0.01 -15"><span class='ocrx_word' id='word_1_6' title='bbox 137 334 311 404; x_wconf 70' lang='lat' dir='ltr'><strong>efferetur?</strong></span> <span class='ocrx_word' id='word_1_7' title='bbox 357 333 462 410; x_wconf 79' lang='lat' dir='ltr'><strong>Quid?</strong></span> <span class='ocrx_word' id='word_1_8' title='bbox 494 331 592 397; x_wconf 82' lang='lat' dir='ltr'><strong>inid</strong></span> <span class='ocrx_word' id='word_1_9' title='bbox 620 351 716 418; x_wconf 89' lang='lat' dir='ltr'><strong>quem</strong></span> <span class='ocrx_word' id='word_1_10' title='bbox 744 331 785 395; x_wconf 86' lang='lat' dir='ltr'><strong>ad</strong></span> <span class='ocrx_word' id='word_1_11' title='bbox 812 329 944 396; x_wconf 88' lang='lat' dir='ltr'><strong>modum</strong></span> <span class='ocrx_word' id='word_1_12' title='bbox 969 324 1147 395; x_wconf 70' lang='lat' dir='ltr'><strong>observes?</strong></span> 
     </span>
     <span class='ocr_line' id='line_1_3' title="bbox 135 417 1149 504; baseline -0.008 -14"><span class='ocrx_word' id='word_1_13' title='bbox 135 425 233 491; x_wconf 73' lang='lat' dir='ltr'><strong>Misso</strong></span> <span class='ocrx_word' id='word_1_14' title='bbox 256 423 340 489; x_wconf 89' lang='lat' dir='ltr'><strong>illud</strong></span> <span class='ocrx_word' id='word_1_15' title='bbox 363 423 482 503; x_wconf 84' lang='lat' dir='ltr'>dicere,</span> <span class='ocrx_word' id='word_1_16' title='bbox 506 442 589 504; x_wconf 87' lang='lat' dir='ltr'><strong>enm,</strong></span> <span class='ocrx_word' id='word_1_17' title='bbox 611 418 753 504; x_wconf 90' lang='lat' dir='ltr'><strong>quinon</strong></span> <span class='ocrx_word' id='word_1_18' title='bbox 776 418 926 502; x_wconf 78' lang='lat' dir='ltr'><strong>leiiinrii,</strong></span> <span class='ocrx_word' id='word_1_19' title='bbox 949 417 1002 483; x_wconf 88' lang='lat' dir='ltr'><strong>eui</strong></span> <span class='ocrx_word' id='word_1_20' title='bbox 1024 417 1149 482; x_wconf 81' lang='lat' dir='ltr'><strong>Romus</strong></span> 
     </span>
     <span class='ocr_line' id='line_1_4' title="bbox 137 505 1151 597; baseline -0.01 -18"><span class='ocrx_word' id='word_1_21' title='bbox 137 515 265 597; x_wconf 89' lang='lat' dir='ltr'><strong>domus,</strong></span> <span class='ocrx_word' id='word_1_22' title='bbox 291 533 387 595; x_wconf 85' lang='lat' dir='ltr'><strong>uxor,</strong></span> <span class='ocrx_word' id='word_1_23' title='bbox 413 509 523 590; x_wconf 87' lang='lat' dir='ltr'><strong>liberi,</strong></span> <span class='ocrx_word' id='word_1_24' title='bbox 549 510 742 592; x_wconf 74' lang='lat' dir='ltr'><strong>procurator</strong></span> <span class='ocrx_word' id='word_1_25' title='bbox 764 510 863 590; x_wconf 78' lang='lat' dir='ltr'><strong>esset,</strong></span> <span class='ocrx_word' id='word_1_26' title='bbox 892 528 980 588; x_wconf 90' lang='lat' dir='ltr'><strong>eum,</strong></span> <span class='ocrx_word' id='word_1_27' title='bbox 1007 507 1065 590; x_wconf 89' lang='lat' dir='ltr'><strong>qui</strong></span> <span class='ocrx_word' id='word_1_28' title='bbox 1088 505 1151 570; x_wconf 76' lang='lat' dir='ltr'><strong>sibi</strong></span> 
     </span>
     <span class='ocr_line' id='line_1_5' title="bbox 136 593 1152 679; baseline -0.011 -11"><span class='ocrx_word' id='word_1_29' title='bbox 136 601 356 668; x_wconf 83' lang='lat' dir='ltr'><strong>vadimonium</strong></span> <span class='ocrx_word' id='word_1_30' title='bbox 376 619 443 664; x_wconf 91' lang='lat' dir='ltr'><strong>non</strong></span> <span class='ocrx_word' id='word_1_31' title='bbox 465 596 673 679; x_wconf 82' lang='lat' dir='ltr'><strong>deseruissei3</strong></span> <span class='ocrx_word' id='word_1_32' title='bbox 694 595 775 660; x_wconf 84' lang='lat' dir='ltr'><strong>haee</strong></span> <span class='ocrx_word' id='word_1_33' title='bbox 798 595 908 660; x_wconf 83' lang='lat' dir='ltr'><strong>omnia</strong></span> <span class='ocrx_word' id='word_1_34' title='bbox 930 594 1045 679; x_wconf 75' lang='lat' dir='ltr'><strong>miit03</strong></span> <span class='ocrx_word' id='word_1_35' title='bbox 1067 593 1152 658; x_wconf 94' lang='lat' dir='ltr'><strong>illud</strong></span> 
     </span>
     <span class='ocr_line' id='line_1_6' title="bbox 137 682 1176 773; baseline -0.01 -17"><span class='ocrx_word' id='word_1_36' title='bbox 137 691 223 773; x_wconf 85' lang='lat' dir='ltr'><strong>dieo,</strong></span> <span class='ocrx_word' id='word_1_37' title='bbox 249 687 416 754; x_wconf 90' lang='lat' dir='ltr'><strong>dominum</strong></span> <span class='ocrx_word' id='word_1_38' title='bbox 443 685 613 770; x_wconf 85' lang='lat' dir='ltr'><strong>expulsum</strong></span> <span class='ocrx_word' id='word_1_39' title='bbox 641 704 711 748; x_wconf 88' lang='lat' dir='ltr'><strong>esse</strong></span> <span class='ocrx_word' id='word_1_40' title='bbox 737 683 776 748; x_wconf 85' lang='lat' dir='ltr'><strong>de</strong></span> <span class='ocrx_word' id='word_1_41' title='bbox 799 682 945 768; x_wconf 80' lang='lat' dir='ltr'><strong>praedio,</strong></span> <span class='ocrx_word' id='word_1_42' title='bbox 972 682 1109 748; x_wconf 89' lang='lat' dir='ltr'><strong>domino</strong></span> <span class='ocrx_word' id='word_1_43' title='bbox 1133 693 1176 746; x_wconf 80' lang='lat' dir='ltr'><strong>u⁵</strong></span> 
     </span>
     <span class='ocr_line' id='line_1_7' title="bbox 137 770 1194 844; baseline -0.013 -2"><span class='ocrx_word' id='word_1_44' title='bbox 137 778 351 844; x_wconf 77' lang='lat' dir='ltr'><strong>familiares</strong></span> <span class='ocrx_word' id='word_1_45' title='bbox 378 793 492 838; x_wconf 89' lang='lat' dir='ltr'><strong>manus</strong></span> <span class='ocrx_word' id='word_1_46' title='bbox 521 773 641 838; x_wconf 77' lang='lat' dir='ltr'><strong>allatus</strong></span> <span class='ocrx_word' id='word_1_47' title='bbox 668 793 739 838; x_wconf 88' lang='lat' dir='ltr'><strong>esse</strong></span> <span class='ocrx_word' id='word_1_48' title='bbox 767 776 842 836; x_wconf 79' lang='lat' dir='ltr'><strong>anie</strong></span> <span class='ocrx_word' id='word_1_49' title='bbox 871 792 947 836; x_wconf 87' lang='lat' dir='ltr'><strong>snos</strong></span> <span class='ocrx_word' id='word_1_50' title='bbox 975 770 1079 837; x_wconf 80' lang='lat' dir='ltr'><strong>Lares</strong></span> <span class='ocrx_word' id='word_1_51' title='bbox 1107 770 1152 835; x_wconf 84' lang='lat' dir='ltr'><strong>fe·</strong></span> <span class='ocrx_word' id='word_1_52' title='bbox 1192 801 1194 828; x_wconf 63' lang='lat' dir='ltr'><strong>i</strong></span> 
     </span>
    </p>
   </div>
   <div class='ocr_carea' id='block_1_3' title="bbox 137 841 1195 1010">
    <p class='ocr_par' dir='ltr' id='par_1_3' title="bbox 137 841 1195 1010">
     <span class='ocr_line' id='line_1_8' title="bbox 137 841 1195 1010; baseline -0.014 -79"><span class='ocrx_word' id='word_1_53' title='bbox 137 867 295 947; x_wconf 79' lang='lat' dir='ltr'><strong>miliares3</strong></span> <span class='ocrx_word' id='word_1_54' title='bbox 317 863 379 928; x_wconf 90' lang='lat' dir='ltr'><strong>hoe</strong></span> <span class='ocrx_word' id='word_1_55' title='bbox 403 861 473 927; x_wconf 88' lang='lat' dir='ltr'><strong>dieo</strong></span> <span class='ocrx_word' id='word_1_56' title='bbox 497 908 506 926; x_wconf 91' lang='lat'><strong>.</strong></span> <span class='ocrx_word' id='word_1_57' title='bbox 528 909 535 924; x_wconf 88' lang='lat'><strong>.</strong></span> <span class='ocrx_word' id='word_1_58' title='bbox 559 909 598 986; x_wconf 72' lang='lat' dir='ltr'><strong>&#39;e&#39;</strong></span> <span class='ocrx_word' id='word_1_59' title='bbox 696 946 716 986; x_wconf 62' lang='grc'><strong><em>*</em></strong></span> <span class='ocrx_word' id='word_1_60' title='bbox 1192 841 1195 1010; x_wconf 33' lang='grc' dir='ltr'>ἦ</span> 
     </span>
    </p>
   </div>
   <div class='ocr_carea' id='block_1_4' title="bbox 133 991 1200 2091">
    <p class='ocr_par' dir='ltr' id='par_1_4' title="bbox 133 991 1200 2091">
     <span class='ocr_line' id='line_1_9' title="bbox 632 991 652 1032; baseline 0 0"><span class='ocrx_word' id='word_1_61' title='bbox 632 991 652 1032; x_wconf 79' lang='lat' dir='ltr'><strong>e</strong></span> 
     </span>
     <span class='ocr_line' id='line_1_10' title="bbox 202 1035 1153 1120; baseline -0.004 -13"><span class='ocrx_word' id='word_1_62' title='bbox 202 1038 256 1108; x_wconf 79' lang='lat' dir='ltr'><strong>Sic</strong></span> <span class='ocrx_word' id='word_1_63' title='bbox 281 1037 385 1108; x_wconf 67' lang='lat' dir='ltr'><strong>cereo</strong></span> <span class='ocrx_word' id='word_1_64' title='bbox 415 1057 477 1120; x_wconf 80' lang='lat' dir='ltr'><strong>pro</strong></span> <span class='ocrx_word' id='word_1_65' title='bbox 509 1035 635 1118; x_wconf 78' lang='lat' dir='ltr'><strong>Quintio</strong></span> <span class='ocrx_word' id='word_1_66' title='bbox 666 1035 839 1101; x_wconf 68' lang='lat' dir='ltr'><strong>adserendi</strong></span> <span class='ocrx_word' id='word_1_67' title='bbox 869 1036 1085 1115; x_wconf 65' lang='lat' dir='ltr'><strong>definitionem</strong></span> <span class='ocrx_word' id='word_1_68' title='bbox 1118 1057 1153 1102; x_wconf 78' lang='lat' dir='ltr'><strong>er</strong></span> 
     </span>
     <span class='ocr_line' id='line_1_11' title="bbox 137 1120 1154 1212; baseline -0.007 -16"><span class='ocrx_word' id='word_1_69' title='bbox 137 1130 279 1212; x_wconf 67' lang='lat' dir='ltr'><strong>opusne</strong></span> <span class='ocrx_word' id='word_1_70' title='bbox 304 1127 464 1194; x_wconf 76' lang='lat' dir='ltr'><strong>deminum</strong></span> <span class='ocrx_word' id='word_1_71' title='bbox 493 1123 698 1208; x_wconf 76' lang='lat' dir='ltr'><strong><em>reprehendit:</em></strong></span> <span class='ocrx_word' id='word_1_72' title='bbox 730 1120 765 1188; x_wconf 84' lang='lat' dir='ltr'><strong>Si</strong></span> <span class='ocrx_word' id='word_1_73' title='bbox 793 1123 852 1208; x_wconf 89' lang='lat' dir='ltr'><strong>qui·</strong></span> <span class='ocrx_word' id='word_1_74' title='bbox 874 1145 975 1189; x_wconf 90' lang='lat' dir='ltr'><strong>unum</strong></span> <span class='ocrx_word' id='word_1_75' title='bbox 1007 1124 1154 1210; x_wconf 86' lang='lat' dir='ltr'><strong>aliquem</strong></span> 
     </span>
     <span class='ocr_line' id='line_1_12' title="bbox 138 1212 1187 1300; baseline -0.004 -18"><span class='ocrx_word' id='word_1_76' title='bbox 138 1217 273 1283; x_wconf 88' lang='lat' dir='ltr'><strong>fundum</strong></span> <span class='ocrx_word' id='word_1_77' title='bbox 300 1215 414 1300; x_wconf 84' lang='lat' dir='ltr'><strong>quevis</strong></span> <span class='ocrx_word' id='word_1_78' title='bbox 436 1214 562 1280; x_wconf 75' lang='lat' dir='ltr'><strong>ratione</strong></span> <span class='ocrx_word' id='word_1_79' title='bbox 584 1212 763 1297; x_wconf 77' lang='lat' dir='ltr'><strong>possident,</strong></span> <span class='ocrx_word' id='word_1_80' title='bbox 787 1213 895 1297; x_wconf 88' lang='lat' dir='ltr'><strong>ipsum</strong></span> <span class='ocrx_word' id='word_1_81' title='bbox 917 1217 1028 1278; x_wconf 78' lang='lat' dir='ltr'><strong>eutem</strong></span> <span class='ocrx_word' id='word_1_82' title='bbox 1053 1215 1187 1280; x_wconf 83' lang='lat' dir='ltr'><strong>domi-rr</strong></span> 
     </span>
     <span class='ocr_line' id='line_1_13' title="bbox 138 1286 1197 1390; baseline 0 -20"><span class='ocrx_word' id='word_1_83' title='bbox 138 1328 216 1370; x_wconf 90' lang='lat' dir='ltr'><strong>num</strong></span> <span class='ocrx_word' id='word_1_84' title='bbox 230 1304 375 1390; x_wconf 79' lang='lat' dir='ltr'><strong>patietur</strong></span> <span class='ocrx_word' id='word_1_85' title='bbox 391 1306 499 1368; x_wconf 78' lang='lat' dir='ltr'><strong>cetere</strong></span> <span class='ocrx_word' id='word_1_86' title='bbox 512 1301 645 1386; x_wconf 82' lang='lat' dir='ltr'><strong>praedia</strong></span> <span class='ocrx_word' id='word_1_87' title='bbox 657 1304 777 1384; x_wconf 77' lang='lat' dir='ltr'><strong>tenere,</strong></span> <span class='ocrx_word' id='word_1_88' title='bbox 790 1301 828 1383; x_wconf 85' lang='lat' dir='ltr'><strong>is,</strong></span> <span class='ocrx_word' id='word_1_89' title='bbox 846 1303 956 1384; x_wconf 78' lang='lat' dir='ltr'><strong>inquii,</strong></span> <span class='ocrx_word' id='word_1_90' title='bbox 973 1305 1012 1367; x_wconf 76' lang='lat' dir='ltr'><strong>ui</strong></span> <span class='ocrx_word' id='word_1_91' title='bbox 1027 1303 1155 1388; x_wconf 87' lang='lat' dir='ltr'>opinor,</span> <span class='ocrx_word' id='word_1_92' title='bbox 1196 1286 1197 1370; x_wconf 62' lang='lat' dir='ltr'><strong>i</strong></span> 
     </span>
     <span class='ocr_line' id='line_1_14' title="bbox 138 1389 1197 1478; baseline -0.002 -20"><span class='ocrx_word' id='word_1_93' title='bbox 138 1393 321 1478; x_wconf 79' lang='lat' dir='ltr'><strong>praedium,</strong></span> <span class='ocrx_word' id='word_1_94' title='bbox 347 1401 415 1456; x_wconf 88' lang='lat' dir='ltr'><strong>non</strong></span> <span class='ocrx_word' id='word_1_95' title='bbox 439 1391 527 1455; x_wconf 83' lang='lat' dir='ltr'><strong>bone</strong></span> <span class='ocrx_word' id='word_1_96' title='bbox 554 1390 702 1456; x_wconf 73' lang='lat' dir='ltr'><strong>videatur</strong></span> <span class='ocrx_word' id='word_1_97' title='bbox 729 1389 863 1454; x_wconf 79' lang='lat' dir='ltr'><strong>alterius</strong></span> <span class='ocrx_word' id='word_1_98' title='bbox 886 1390 1063 1474; x_wconf 89' lang='lat' dir='ltr'><strong>possidere.</strong></span> <span class='ocrx_word' id='word_1_99' title='bbox 1111 1392 1157 1456; x_wconf 81' lang='lat' dir='ltr'><strong>Et</strong></span> <span class='ocrx_word' id='word_1_100' title='bbox 1196 1413 1197 1416; x_wconf 45' lang='lat'>¹</span> 
     </span>
     <span class='ocr_line' id='line_1_15' title="bbox 133 1476 1198 1578; baseline -0.002 -32"><span class='ocrx_word' id='word_1_101' title='bbox 133 1483 225 1564; x_wconf 82' lang='lat' dir='ltr'><strong>ponii</strong></span> <span class='ocrx_word' id='word_1_102' title='bbox 245 1481 451 1562; x_wconf 69' lang='lat' dir='ltr'><strong>definitionem</strong></span> <span class='ocrx_word' id='word_1_103' title='bbox 476 1497 583 1543; x_wconf 80' lang='lat' dir='ltr'><strong>snam:</strong></span> <span class='ocrx_word' id='word_1_104' title='bbox 615 1476 699 1553; x_wconf 85' lang='lat' dir='ltr'><strong>Quid</strong></span> <span class='ocrx_word' id='word_1_105' title='bbox 727 1481 790 1559; x_wconf 80' lang='lat' dir='ltr'><strong>est,</strong></span> <span class='ocrx_word' id='word_1_106' title='bbox 817 1479 932 1560; x_wconf 67' lang='lat' dir='ltr'><strong>iuquit,</strong></span> <span class='ocrx_word' id='word_1_107' title='bbox 963 1479 1156 1564; x_wconf 79' lang='lat' dir='ltr'><strong>possidere?</strong></span> <span class='ocrx_word' id='word_1_108' title='bbox 1197 1508 1198 1578; x_wconf 50' lang='lat' dir='ltr'><strong>p</strong></span> 
     </span>
     <span class='ocr_line' id='line_1_16' title="bbox 138 1565 1198 1652; baseline 0 -19"><span class='ocrx_word' id='word_1_109' title='bbox 138 1568 302 1634; x_wconf 87' lang='lat' dir='ltr'><strong>Nimirum</strong></span> <span class='ocrx_word' id='word_1_110' title='bbox 343 1567 378 1631; x_wconf 90' lang='lat' dir='ltr'><strong>in</strong></span> <span class='ocrx_word' id='word_1_111' title='bbox 413 1565 618 1650; x_wconf 84' lang='lat' dir='ltr'><strong>possessione</strong></span> <span class='ocrx_word' id='word_1_112' title='bbox 654 1587 726 1632; x_wconf 86' lang='lat' dir='ltr'><strong>esse</strong></span> <span class='ocrx_word' id='word_1_113' title='bbox 762 1587 872 1630; x_wconf 84' lang='lat' dir='ltr'><strong>eurum</strong></span> <span class='ocrx_word' id='word_1_114' title='bbox 909 1587 1033 1652; x_wconf 81' lang='lat' dir='ltr'><strong>rerum,</strong></span> <span class='ocrx_word' id='word_1_115' title='bbox 1070 1589 1156 1652; x_wconf 82' lang='lat' dir='ltr'><strong>quse</strong></span> <span class='ocrx_word' id='word_1_116' title='bbox 1197 1589 1198 1592; x_wconf 69' lang='grc'>’</span> 
     </span>
     <span class='ocr_line' id='line_1_17' title="bbox 138 1652 1190 1741; baseline -0.005 -20"><span class='ocrx_word' id='word_1_117' title='bbox 138 1660 277 1741; x_wconf 80' lang='lat' dir='ltr'><strong>possunt</strong></span> <span class='ocrx_word' id='word_1_118' title='bbox 305 1676 342 1720; x_wconf 90' lang='lat' dir='ltr'><strong>eo</strong></span> <span class='ocrx_word' id='word_1_119' title='bbox 369 1657 516 1738; x_wconf 77' lang='lat' dir='ltr'><strong>tempore</strong></span> <span class='ocrx_word' id='word_1_120' title='bbox 542 1652 710 1738; x_wconf 88' lang='lat' dir='ltr'><strong>possideri.</strong></span> <span class='ocrx_word' id='word_1_121' title='bbox 759 1653 877 1718; x_wconf 80' lang='lat' dir='ltr'><strong>Prodat</strong></span> <span class='ocrx_word' id='word_1_122' title='bbox 902 1655 1059 1720; x_wconf 79' lang='lat' dir='ltr'><strong>Naevium</strong></span> <span class='ocrx_word' id='word_1_123' title='bbox 1091 1675 1190 1722; x_wconf 77' lang='lat' dir='ltr'><strong>noun</strong></span> 
     </span>
     <span class='ocr_line' id='line_1_18' title="bbox 141 1730 1199 1828; baseline -0.001 -17"><span class='ocrx_word' id='word_1_124' title='bbox 141 1746 229 1826; x_wconf 76' lang='lat' dir='ltr'><strong>bonu,</strong></span> <span class='ocrx_word' id='word_1_125' title='bbox 250 1745 304 1810; x_wconf 85' lang='lat' dir='ltr'><strong>sed</strong></span> <span class='ocrx_word' id='word_1_126' title='bbox 314 1744 480 1826; x_wconf 81' lang='lat' dir='ltr'><strong>praedium</strong></span> <span class='ocrx_word' id='word_1_127' title='bbox 496 1743 681 1824; x_wconf 77' lang='lat' dir='ltr'><strong>possedisse:</strong></span> <span class='ocrx_word' id='word_1_128' title='bbox 703 1739 785 1806; x_wconf 81' lang='lat' dir='ltr'><strong>Cum</strong></span> <span class='ocrx_word' id='word_1_129' title='bbox 804 1742 918 1807; x_wconf 90' lang='lat' dir='ltr'><strong>domus</strong></span> <span class='ocrx_word' id='word_1_130' title='bbox 937 1746 1019 1827; x_wconf 76' lang='lat' dir='ltr'><strong>erui,</strong></span> <span class='ocrx_word' id='word_1_131' title='bbox 1042 1745 1157 1828; x_wconf 77' lang='lat' dir='ltr'><strong>inquii,</strong></span> <span class='ocrx_word' id='word_1_132' title='bbox 1198 1730 1199 1782; x_wconf 63' lang='lat' dir='ltr'><strong>i</strong></span> 
     </span>
     <span class='ocr_line' id='line_1_19' title="bbox 139 1829 1157 1917; baseline 0 -19"><span class='ocrx_word' id='word_1_133' title='bbox 139 1833 273 1916; x_wconf 86' lang='lat' dir='ltr'><strong>Romae,</strong></span> <span class='ocrx_word' id='word_1_134' title='bbox 295 1832 390 1916; x_wconf 83' lang='lat' dir='ltr'><strong>servi,</strong></span> <span class='ocrx_word' id='word_1_135' title='bbox 411 1831 446 1897; x_wconf 90' lang='lat' dir='ltr'><strong>in</strong></span> <span class='ocrx_word' id='word_1_136' title='bbox 463 1830 537 1915; x_wconf 86' lang='lat' dir='ltr'><strong>ipss</strong></span> <span class='ocrx_word' id='word_1_137' title='bbox 550 1829 659 1895; x_wconf 83' lang='lat' dir='ltr'><strong>Gallie</strong></span> <span class='ocrx_word' id='word_1_138' title='bbox 675 1830 806 1914; x_wconf 74' lang='lat' dir='ltr'><strong>private</strong></span> <span class='ocrx_word' id='word_1_139' title='bbox 823 1829 859 1895; x_wconf 91' lang='lat' dir='ltr'><strong>P.</strong></span> <span class='ocrx_word' id='word_1_140' title='bbox 873 1830 988 1906; x_wconf 75' lang='lat' dir='ltr'><strong>Quinti</strong></span> <span class='ocrx_word' id='word_1_141' title='bbox 1009 1833 1157 1917; x_wconf 83' lang='lat' dir='ltr'><strong>praedia,</strong></span> 
     </span>
     <span class='ocr_line' id='line_1_20' title="bbox 141 1918 1200 2022; baseline -0.002 -35"><span class='ocrx_word' id='word_1_142' title='bbox 141 1943 223 2006; x_wconf 81' lang='lat' dir='ltr'><strong>quae</strong></span> <span class='ocrx_word' id='word_1_143' title='bbox 243 1943 422 2006; x_wconf 79' lang='lat' dir='ltr'><strong>numquam</strong></span> <span class='ocrx_word' id='word_1_144' title='bbox 444 1941 542 1985; x_wconf 81' lang='lat' dir='ltr'><strong>susus</strong></span> <span class='ocrx_word' id='word_1_145' title='bbox 566 1940 599 1983; x_wconf 88' lang='lat' dir='ltr'><strong>es</strong></span> <span class='ocrx_word' id='word_1_146' title='bbox 623 1918 802 2003; x_wconf 83' lang='lat' dir='ltr'><strong>possidere3</strong></span> <span class='ocrx_word' id='word_1_147' title='bbox 824 1923 853 1983; x_wconf 83' lang='lat' dir='ltr'><strong>ei</strong></span> <span class='ocrx_word' id='word_1_148' title='bbox 873 1919 1005 2002; x_wconf 72' lang='lat' dir='ltr'><strong>eoiiipit:</strong></span> <span class='ocrx_word' id='word_1_149' title='bbox 1029 1920 1157 1997; x_wconf 81' lang='lat' dir='ltr'><strong>Quodsi</strong></span> <span class='ocrx_word' id='word_1_150' title='bbox 1199 1952 1200 2022; x_wconf 50' lang='lat' dir='ltr'><strong>p</strong></span> 
     </span>
     <span class='ocr_line' id='line_1_21' title="bbox 140 2006 1200 2091; baseline -0.001 -16"><span class='ocrx_word' id='word_1_151' title='bbox 140 2012 227 2075; x_wconf 85' lang='lat' dir='ltr'><strong>bone</strong></span> <span class='ocrx_word' id='word_1_152' title='bbox 252 2008 288 2074; x_wconf 90' lang='lat' dir='ltr'><strong>P.</strong></span> <span class='ocrx_word' id='word_1_153' title='bbox 316 2008 428 2083; x_wconf 77' lang='lat' dir='ltr'><strong>Quinti</strong></span> <span class='ocrx_word' id='word_1_154' title='bbox 455 2007 651 2091; x_wconf 83' lang='lat' dir='ltr'><strong>possideres,</strong></span> <span class='ocrx_word' id='word_1_155' title='bbox 682 2006 849 2091; x_wconf 86' lang='lat' dir='ltr'><strong>possidere</strong></span> <span class='ocrx_word' id='word_1_156' title='bbox 876 2007 985 2072; x_wconf 86' lang='lat' dir='ltr'><strong>omnis</strong></span> <span class='ocrx_word' id='word_1_157' title='bbox 1012 2030 1051 2073; x_wconf 89' lang='lat' dir='ltr'><strong>eo</strong></span> <span class='ocrx_word' id='word_1_158' title='bbox 1083 2009 1157 2075; x_wconf 87' lang='lat' dir='ltr'><strong>iure</strong></span> <span class='ocrx_word' id='word_1_159' title='bbox 1199 2031 1200 2036; x_wconf 50' lang='lat'>¹</span> 
     </span>
    </p>
   </div>
   <div class='ocr_carea' id='block_1_5' title="bbox 141 2094 1192 2222">
    <p class='ocr_par' dir='ltr' id='par_1_5' title="bbox 141 2094 1192 2222">
     <span class='ocr_line' id='line_1_22' title="bbox 141 2094 1192 2222; baseline -0.003 -61"><span class='ocrx_word' id='word_1_160' title='bbox 141 2098 283 2162; x_wconf 79' lang='lat' dir='ltr'><strong>deberes</strong></span> <span class='ocrx_word' id='word_1_161' title='bbox 327 2095 406 2178; x_wconf 82' lang='lat' dir='ltr'><strong>(Iul.</strong></span> <span class='ocrx_word' id='word_1_162' title='bbox 428 2094 588 2220; x_wconf 35' lang='lat' dir='ltr'><strong>dovoriam</strong></span> <span class='ocrx_word' id='word_1_163' title='bbox 606 2097 646 2159; x_wconf 89' lang='lat'><strong>15</strong></span> <span class='ocrx_word' id='word_1_164' title='bbox 662 2099 791 2222; x_wconf 54' lang='lat'><strong>1).*363.</strong></span> <span class='ocrx_word' id='word_1_165' title='bbox 812 2096 881 2180; x_wconf 83' lang='lat'><strong>20.)</strong></span> <span class='ocrx_word' id='word_1_166' title='bbox 1169 2119 1192 2158; x_wconf 83' lang='lat' dir='ltr'><strong>ro</strong></span> 
     </span>
    </p>
   </div>
   <div class='ocr_carea' id='block_1_6' title="bbox 89 2225 1199 3589">
    <p class='ocr_par' dir='ltr' id='par_1_6' title="bbox 89 2225 1195 3062">
     <span class='ocr_line' id='line_1_23' title="bbox 89 2225 1159 2357; baseline 0.004 -23"><span class='ocrx_word' id='word_1_167' title='bbox 89 2289 131 2354; x_wconf 78' lang='lat'><strong>28</strong></span> <span class='ocrx_word' id='word_1_168' title='bbox 283 2267 444 2334; x_wconf 80' lang='lat' dir='ltr'><strong>Naevium</strong></span> <span class='ocrx_word' id='word_1_169' title='bbox 460 2289 502 2333; x_wconf 92' lang='lat' dir='ltr'><strong>ne</strong></span> <span class='ocrx_word' id='word_1_170' title='bbox 520 2225 703 2354; x_wconf 64' lang='lat' dir='ltr'><strong>appelldsse</strong></span> <span class='ocrx_word' id='word_1_171' title='bbox 722 2270 851 2354; x_wconf 90' lang='lat' dir='ltr'><strong>quidem</strong></span> <span class='ocrx_word' id='word_1_172' title='bbox 866 2270 1062 2357; x_wconf 75' lang='lat' dir='ltr'><strong>Quinctium,</strong></span> <span class='ocrx_word' id='word_1_173' title='bbox 1080 2295 1159 2338; x_wconf 88' lang='lat' dir='ltr'><strong>eum</strong></span> 
     </span>
     <span class='ocr_line' id='line_1_24' title="bbox 142 2356 1159 2445; baseline 0.003 -21"><span class='ocrx_word' id='word_1_174' title='bbox 142 2359 240 2424; x_wconf 89' lang='lat' dir='ltr'><strong>simul</strong></span> <span class='ocrx_word' id='word_1_175' title='bbox 271 2361 357 2423; x_wconf 82' lang='lat' dir='ltr'><strong>esset</strong></span> <span class='ocrx_word' id='word_1_176' title='bbox 383 2361 412 2422; x_wconf 78' lang='lat' dir='ltr'><strong>ei</strong></span> <span class='ocrx_word' id='word_1_177' title='bbox 442 2356 582 2442; x_wconf 82' lang='lat' dir='ltr'><strong>experiri</strong></span> <span class='ocrx_word' id='word_1_178' title='bbox 612 2361 725 2442; x_wconf 74' lang='lat' dir='ltr'><strong>possed</strong></span> <span class='ocrx_word' id='word_1_179' title='bbox 756 2359 889 2442; x_wconf 76' lang='lat' dir='ltr'><strong>eoiidie3</strong></span> <span class='ocrx_word' id='word_1_180' title='bbox 921 2359 1034 2424; x_wconf 89' lang='lat' dir='ltr'><strong>deinde</strong></span> <span class='ocrx_word' id='word_1_181' title='bbox 1067 2363 1159 2445; x_wconf 89' lang='lat' dir='ltr'><strong>quod</strong></span> 
     </span>
     <span class='ocr_line' id='line_1_25' title="bbox 143 2444 1158 2515; baseline 0.002 -3"><span class='ocrx_word' id='word_1_182' title='bbox 143 2446 252 2513; x_wconf 83' lang='lat' dir='ltr'><strong>omnia</strong></span> <span class='ocrx_word' id='word_1_183' title='bbox 274 2445 393 2510; x_wconf 83' lang='lat' dir='ltr'><strong>iudicis.</strong></span> <span class='ocrx_word' id='word_1_184' title='bbox 415 2444 609 2510; x_wconf 77' lang='lat' dir='ltr'><strong>difficillime</strong></span> <span class='ocrx_word' id='word_1_185' title='bbox 631 2469 704 2511; x_wconf 90' lang='lat' dir='ltr'><strong>eum</strong></span> <span class='ocrx_word' id='word_1_186' title='bbox 723 2467 850 2512; x_wconf 84' lang='lat' dir='ltr'><strong>summa</strong></span> <span class='ocrx_word' id='word_1_187' title='bbox 869 2468 928 2512; x_wconf 84' lang='lat' dir='ltr'><strong>sue</strong></span> <span class='ocrx_word' id='word_1_188' title='bbox 945 2448 1070 2513; x_wconf 81' lang='lat' dir='ltr'><strong>invidie.</strong></span> <span class='ocrx_word' id='word_1_189' title='bbox 1087 2472 1158 2515; x_wconf 84' lang='lat' dir='ltr'><strong>me·</strong></span> 
     </span>
     <span class='ocr_line' id='line_1_26' title="bbox 142 2532 1159 2619; baseline 0.004 -20"><span class='ocrx_word' id='word_1_190' title='bbox 142 2535 293 2618; x_wconf 86' lang='lat' dir='ltr'><strong>ximoque</strong></span> <span class='ocrx_word' id='word_1_191' title='bbox 320 2533 463 2618; x_wconf 84' lang='lat' dir='ltr'><strong>periculo</strong></span> <span class='ocrx_word' id='word_1_192' title='bbox 490 2534 526 2598; x_wconf 91' lang='lat' dir='ltr'><strong>P.</strong></span> <span class='ocrx_word' id='word_1_193' title='bbox 549 2532 680 2609; x_wconf 75' lang='lat' dir='ltr'><strong>omnen</strong></span> <span class='ocrx_word' id='word_1_194' title='bbox 706 2535 777 2599; x_wconf 83' lang='lat' dir='ltr'><strong>fieri</strong></span> <span class='ocrx_word' id='word_1_195' title='bbox 804 2536 918 2600; x_wconf 77' lang='lat' dir='ltr'><strong>mellei</strong></span> <span class='ocrx_word' id='word_1_196' title='bbox 945 2558 1044 2619; x_wconf 83' lang='lat' dir='ltr'><strong>quam</strong></span> <span class='ocrx_word' id='word_1_197' title='bbox 1071 2537 1159 2604; x_wconf 89' lang='lat' dir='ltr'><strong>illud</strong></span> 
     </span>
     <span class='ocr_line' id='line_1_27' title="bbox 142 2620 1195 2714; baseline -0.002 -25"><span class='ocrx_word' id='word_1_198' title='bbox 142 2621 363 2709; x_wconf 84' lang='lat' dir='ltr'><strong>pecuniarium</strong></span> <span class='ocrx_word' id='word_1_199' title='bbox 389 2620 556 2706; x_wconf 82' lang='lat' dir='ltr'><strong>iudicium,</strong></span> <span class='ocrx_word' id='word_1_200' title='bbox 585 2623 671 2707; x_wconf 92' lang='lat' dir='ltr'><strong>quod</strong></span> <span class='ocrx_word' id='word_1_201' title='bbox 697 2644 763 2688; x_wconf 90' lang='lat' dir='ltr'><strong>uno</strong></span> <span class='ocrx_word' id='word_1_202' title='bbox 790 2622 841 2688; x_wconf 91' lang='lat' dir='ltr'><strong>die</strong></span> <span class='ocrx_word' id='word_1_203' title='bbox 863 2624 1004 2709; x_wconf 74' lang='lat' dir='ltr'><strong>transigi</strong></span> <span class='ocrx_word' id='word_1_204' title='bbox 1026 2631 1195 2714; x_wconf 55' lang='lat' dir='ltr'><strong>posset-12⁵</strong></span> 
     </span>
     <span class='ocr_line' id='line_1_28' title="bbox 143 2710 1160 2796; baseline 0.004 -20"><span class='ocrx_word' id='word_1_205' title='bbox 143 2735 181 2776; x_wconf 87' lang='lat' dir='ltr'><strong>ex</strong></span> <span class='ocrx_word' id='word_1_206' title='bbox 203 2733 266 2796; x_wconf 89' lang='lat' dir='ltr'><strong>quo</strong></span> <span class='ocrx_word' id='word_1_207' title='bbox 284 2732 350 2776; x_wconf 91' lang='lat' dir='ltr'><strong>uno</strong></span> <span class='ocrx_word' id='word_1_208' title='bbox 368 2710 449 2776; x_wconf 79' lang='lat' dir='ltr'><strong>haee</strong></span> <span class='ocrx_word' id='word_1_209' title='bbox 467 2710 576 2775; x_wconf 82' lang='lat' dir='ltr'><strong>omnis</strong></span> <span class='ocrx_word' id='word_1_210' title='bbox 592 2713 672 2776; x_wconf 78' lang='lat' dir='ltr'><strong>netu</strong></span> <span class='ocrx_word' id='word_1_211' title='bbox 695 2715 728 2774; x_wconf 79' lang='lat' dir='ltr'><strong>ei</strong></span> <span class='ocrx_word' id='word_1_212' title='bbox 750 2710 896 2796; x_wconf 79' lang='lat' dir='ltr'><strong>profesta</strong></span> <span class='ocrx_word' id='word_1_213' title='bbox 915 2732 985 2776; x_wconf 90' lang='lat' dir='ltr'><strong>esse</strong></span> <span class='ocrx_word' id='word_1_214' title='bbox 999 2714 1160 2780; x_wconf 76' lang='lat' dir='ltr'><strong>coneedit.</strong></span> 
     </span>
     <span class='ocr_line' id='line_1_29' title="bbox 144 2797 1160 2885; baseline 0.001 -19"><span class='ocrx_word' id='word_1_215' title='bbox 144 2801 214 2878; x_wconf 82' lang='lat' dir='ltr'><strong>Quo</strong></span> <span class='ocrx_word' id='word_1_216' title='bbox 245 2800 281 2865; x_wconf 93' lang='lat' dir='ltr'><strong>in</strong></span> <span class='ocrx_word' id='word_1_217' title='bbox 312 2799 384 2865; x_wconf 90' lang='lat' dir='ltr'><strong>loeo</strong></span> <span class='ocrx_word' id='word_1_218' title='bbox 417 2797 638 2864; x_wconf 80' lang='lat' dir='ltr'><strong>condicionem</strong></span> <span class='ocrx_word' id='word_1_219' title='bbox 670 2799 746 2883; x_wconf 78' lang='lat' dir='ltr'><strong>ruli,</strong></span> <span class='ocrx_word' id='word_1_220' title='bbox 782 2800 811 2864; x_wconf 91' lang='lat' dir='ltr'><strong>si</strong></span> <span class='ocrx_word' id='word_1_221' title='bbox 847 2800 948 2865; x_wconf 73' lang='lat' dir='ltr'><strong>velles</strong></span> <span class='ocrx_word' id='word_1_222' title='bbox 983 2802 1160 2885; x_wconf 76' lang='lat' dir='ltr'><strong>pecuniam</strong></span> 
     </span>
     <span class='ocr_line' id='line_1_30' title="bbox 142 2887 1160 2976; baseline 0.001 -22"><span class='ocrx_word' id='word_1_223' title='bbox 142 2893 267 2974; x_wconf 82' lang='lat' dir='ltr'><strong>peiere,</strong></span> <span class='ocrx_word' id='word_1_224' title='bbox 295 2887 332 2955; x_wconf 86' lang='lat' dir='ltr'><strong>P.</strong></span> <span class='ocrx_word' id='word_1_225' title='bbox 355 2887 542 2964; x_wconf 77' lang='lat' dir='ltr'><strong>Quinotium</strong></span> <span class='ocrx_word' id='word_1_226' title='bbox 569 2887 746 2954; x_wconf 73' lang='lat' dir='ltr'><strong>iudicatum</strong></span> <span class='ocrx_word' id='word_1_227' title='bbox 776 2887 861 2953; x_wconf 84' lang='lat' dir='ltr'><strong>solvi</strong></span> <span class='ocrx_word' id='word_1_228' title='bbox 888 2887 1160 2976; x_wconf 71' lang='lat' dir='ltr'><strong>satisdatum,</strong></span> 
     </span>
     <span class='ocr_line' id='line_1_31' title="bbox 144 2975 1112 3062; baseline 0.002 -22"><span class='ocrx_word' id='word_1_229' title='bbox 144 2976 220 3042; x_wconf 90' lang='lat' dir='ltr'><strong>dnm</strong></span> <span class='ocrx_word' id='word_1_230' title='bbox 242 2977 322 3062; x_wconf 85' lang='lat' dir='ltr'><strong>ipse,</strong></span> <span class='ocrx_word' id='word_1_231' title='bbox 344 2977 373 3041; x_wconf 87' lang='lat' dir='ltr'><strong>si</strong></span> <span class='ocrx_word' id='word_1_232' title='bbox 396 2975 473 3060; x_wconf 88' lang='lat' dir='ltr'><strong>quid</strong></span> <span class='ocrx_word' id='word_1_233' title='bbox 494 2977 629 3060; x_wconf 76' lang='lat' dir='ltr'><strong>peieret,</strong></span> <span class='ocrx_word' id='word_1_234' title='bbox 652 2975 726 3061; x_wconf 85' lang='lat' dir='ltr'><strong>pari</strong></span> <span class='ocrx_word' id='word_1_235' title='bbox 747 2975 933 3040; x_wconf 81' lang='lat' dir='ltr'><strong>condicione</strong></span> <span class='ocrx_word' id='word_1_236' title='bbox 955 2979 1112 3042; x_wconf 78' lang='lat' dir='ltr'><strong>uteretur.</strong></span> 
     </span>
    </p>

    <p class='ocr_par' dir='ltr' id='par_1_7' title="bbox 90 3055 1199 3589">
     <span class='ocr_line' id='line_1_32' title="bbox 90 3055 1198 3150; baseline 0.003 -24"><span class='ocrx_word' id='word_1_237' title='bbox 90 3077 125 3126; x_wconf 82' lang='lat' dir='ltr'><strong>so</strong></span> <span class='ocrx_word' id='word_1_238' title='bbox 210 3055 361 3147; x_wconf 78' lang='lat' dir='ltr'><strong>Osiendi,</strong></span> <span class='ocrx_word' id='word_1_239' title='bbox 390 3085 487 3148; x_wconf 87' lang='lat' dir='ltr'><strong>quem</strong></span> <span class='ocrx_word' id='word_1_240' title='bbox 510 3063 615 3127; x_wconf 75' lang='lat' dir='ltr'><strong>multe</strong></span> <span class='ocrx_word' id='word_1_241' title='bbox 637 3067 712 3128; x_wconf 74' lang='lat' dir='ltr'><strong>ente</strong></span> <span class='ocrx_word' id='word_1_242' title='bbox 734 3064 807 3128; x_wconf 86' lang='lat' dir='ltr'><strong>fieri</strong></span> <span class='ocrx_word' id='word_1_243' title='bbox 828 3065 1027 3148; x_wconf 69' lang='lat' dir='ltr'><strong>convenerit,</strong></span> <span class='ocrx_word' id='word_1_244' title='bbox 1056 3087 1158 3150; x_wconf 84' lang='lat' dir='ltr'><strong>quum</strong></span> <span class='ocrx_word' id='word_1_245' title='bbox 1173 3087 1198 3129; x_wconf 81' lang='lat' dir='ltr'><strong>so</strong></span> 
     </span>
     <span class='ocr_line' id='line_1_33' title="bbox 143 3150 1158 3238; baseline 0.003 -22"><span class='ocrx_word' id='word_1_246' title='bbox 143 3151 285 3217; x_wconf 90' lang='lat' dir='ltr'><strong>hominis</strong></span> <span class='ocrx_word' id='word_1_247' title='bbox 303 3151 479 3235; x_wconf 89' lang='lat' dir='ltr'><strong>propinqui</strong></span> <span class='ocrx_word' id='word_1_248' title='bbox 500 3151 587 3216; x_wconf 84' lang='lat' dir='ltr'><strong>bone</strong></span> <span class='ocrx_word' id='word_1_249' title='bbox 609 3150 769 3236; x_wconf 88' lang='lat' dir='ltr'><strong>possideri</strong></span> <span class='ocrx_word' id='word_1_250' title='bbox 790 3153 1045 3236; x_wconf 72' lang='lat' dir='ltr'><strong>postulareniur,</strong></span> <span class='ocrx_word' id='word_1_251' title='bbox 1063 3175 1158 3238; x_wconf 81' lang='lat' dir='ltr'><strong>pree·</strong></span> 
     </span>
     <span class='ocr_line' id='line_1_34' title="bbox 143 3238 1159 3324; baseline 0.002 -20"><span class='ocrx_word' id='word_1_252' title='bbox 143 3238 257 3304; x_wconf 73' lang='lat' dir='ltr'><strong>sertim</strong></span> <span class='ocrx_word' id='word_1_253' title='bbox 276 3259 348 3304; x_wconf 87' lang='lat' dir='ltr'><strong>eum</strong></span> <span class='ocrx_word' id='word_1_254' title='bbox 366 3239 490 3304; x_wconf 82' lang='lat' dir='ltr'><strong>Romae</strong></span> <span class='ocrx_word' id='word_1_255' title='bbox 514 3239 627 3304; x_wconf 88' lang='lat' dir='ltr'><strong>domus</strong></span> <span class='ocrx_word' id='word_1_256' title='bbox 652 3239 730 3322; x_wconf 85' lang='lat' dir='ltr'><strong>eins,</strong></span> <span class='ocrx_word' id='word_1_257' title='bbox 752 3261 843 3324; x_wconf 86' lang='lat' dir='ltr'><strong>uxor,</strong></span> <span class='ocrx_word' id='word_1_258' title='bbox 869 3241 966 3306; x_wconf 88' lang='lat' dir='ltr'><strong>liberi</strong></span> <span class='ocrx_word' id='word_1_259' title='bbox 989 3246 1099 3306; x_wconf 78' lang='lat' dir='ltr'><strong>esseni</strong></span> <span class='ocrx_word' id='word_1_260' title='bbox 1123 3246 1159 3307; x_wconf 79' lang='lat' dir='ltr'><strong>ei</strong></span> 
     </span>
     <span class='ocr_line' id='line_1_35' title="bbox 143 3327 1159 3414; baseline 0.004 -23"><span class='ocrx_word' id='word_1_261' title='bbox 143 3329 336 3412; x_wconf 78' lang='lat' dir='ltr'><strong>procurator</strong></span> <span class='ocrx_word' id='word_1_262' title='bbox 359 3348 460 3410; x_wconf 83' lang='lat' dir='ltr'><strong>seque</strong></span> <span class='ocrx_word' id='word_1_263' title='bbox 481 3327 651 3411; x_wconf 79' lang='lat' dir='ltr'><strong>utriusque</strong></span> <span class='ocrx_word' id='word_1_264' title='bbox 678 3329 887 3394; x_wconf 72' lang='lat' dir='ltr'><strong>recesserim.</strong></span> <span class='ocrx_word' id='word_1_265' title='bbox 936 3328 1055 3414; x_wconf 83' lang='lat' dir='ltr'><strong>Dooui,</strong></span> <span class='ocrx_word' id='word_1_266' title='bbox 1083 3352 1159 3396; x_wconf 89' lang='lat' dir='ltr'><strong>eum</strong></span> 
     </span>
     <span class='ocr_line' id='line_1_36' title="bbox 145 3414 1159 3499; baseline 0.005 -21"><span class='ocrx_word' id='word_1_267' title='bbox 145 3414 308 3479; x_wconf 75' lang='lat' dir='ltr'><strong>desertum</strong></span> <span class='ocrx_word' id='word_1_268' title='bbox 331 3434 401 3478; x_wconf 89' lang='lat' dir='ltr'><strong>esse</strong></span> <span class='ocrx_word' id='word_1_269' title='bbox 425 3414 511 3479; x_wconf 79' lang='lat' dir='ltr'><strong>diesi</strong></span> <span class='ocrx_word' id='word_1_270' title='bbox 531 3415 761 3499; x_wconf 80' lang='lat' dir='ltr'><strong>vadimonium,</strong></span> <span class='ocrx_word' id='word_1_271' title='bbox 784 3417 915 3482; x_wconf 91' lang='lat' dir='ltr'><strong>omnino</strong></span> <span class='ocrx_word' id='word_1_272' title='bbox 934 3417 1159 3483; x_wconf 83' lang='lat' dir='ltr'><strong>vadimonium</strong></span> 
     </span>
     <span class='ocr_line' id='line_1_37' title="bbox 143 3500 1199 3589; baseline 0.003 -23"><span class='ocrx_word' id='word_1_273' title='bbox 143 3502 271 3567; x_wconf 90' lang='lat' dir='ltr'><strong>nullum</strong></span> <span class='ocrx_word' id='word_1_274' title='bbox 293 3500 407 3585; x_wconf 79' lang='lat' dir='ltr'><strong>fuisse3</strong></span> <span class='ocrx_word' id='word_1_275' title='bbox 431 3521 495 3584; x_wconf 88' lang='lat' dir='ltr'><strong>quo</strong></span> <span class='ocrx_word' id='word_1_276' title='bbox 519 3500 569 3564; x_wconf 88' lang='lat' dir='ltr'><strong>die</strong></span> <span class='ocrx_word' id='word_1_277' title='bbox 591 3502 678 3572; x_wconf 88' lang='lat' dir='ltr'><strong>hune</strong></span> <span class='ocrx_word' id='word_1_278' title='bbox 701 3504 764 3569; x_wconf 90' lang='lat' dir='ltr'><strong>sibi</strong></span> <span class='ocrx_word' id='word_1_279' title='bbox 785 3504 975 3589; x_wconf 86' lang='lat' dir='ltr'><strong>promisisse</strong></span> <span class='ocrx_word' id='word_1_280' title='bbox 999 3505 1094 3589; x_wconf 81' lang='lat' dir='ltr'><strong>dicei,</strong></span> <span class='ocrx_word' id='word_1_281' title='bbox 1117 3527 1158 3572; x_wconf 89' lang='lat' dir='ltr'><strong>eo</strong></span> <span class='ocrx_word' id='word_1_282' title='bbox 1173 3528 1199 3570; x_wconf 77' lang='lat' dir='ltr'><strong>se</strong></span> 
     </span>
    </p>
   </div>
   <div class='ocr_carea' id='block_1_7' title="bbox 0 0 1221 3952">
    <p class='ocr_par' dir='ltr' id='par_1_8' title="bbox 0 0 1221 3952">
     <span class='ocr_line' id='line_1_38' title="bbox 0 0 1221 3952; baseline 0 0"><span class='ocrx_word' id='word_1_283' title='bbox 0 0 1221 3952; x_wconf 95' lang='lat' dir='ltr'><strong> </strong></span> 
     </span>
    </p>
   </div>
  </div>
 </body>
</html>
