2422 3952
367 195 445 252 cnr.
464 203 533 252 s-rs
552 202 568 264 e
587 202 699 252 11-1s.
1017 200 1039 264 5

45 357 130 421 saepe
162 343 332 424 suspectus
363 337 512 415 Quinctio
539 338 682 406 Naevius
713 339 829 406 fuisset
859 363 962 427 neque
993 343 1043 409 ita

44 425 202 491 commode
220 431 333 512 posset
350 428 511 494 rationem
533 428 664 494 reddere
688 450 800 496 earum
821 451 938 515 rerum,
961 452 1042 515 quas

44 513 174 598 libidine,
193 535 261 580 non
278 514 406 582 ratione
424 520 579 602 gesserat,
596 517 735 582 moritur
751 517 787 582 in
800 515 909 584 Gellia
926 517 1042 594 Quinc-

43 600 111 680 tius,
145 623 223 668 cum
263 603 393 670 adesset
427 603 584 688 Naevius,
620 609 654 670 et
694 605 832 671 moritur
863 607 1042 691 repentino.

23 687 193 756 rlleredem
221 693 420 758 testamento
445 692 579 776 reliquit
605 693 690 759 hune
712 693 748 760 P.
771 693 970 778 Quinotium,
996 697 1043 777 ul,

43 776 75 842 ad
101 799 200 862 quem
234 801 380 846 summus
411 801 540 846 maeror
571 785 675 847 morte
707 803 766 848 sua
800 783 964 866 seniebat,
1001 782 1043 848 ad

42 865 165 932 eundern
179 889 330 933 summus
343 868 447 934 honos
462 889 589 952 quoque
602 870 793 954 perveniret
818 869 888 945 Quo
902 874 1041 955 mortuo,
1061 890 1095 940 re

41 954 156 1019 recita
174 955 285 1021 multo
302 959 388 1040 post,
409 956 445 1022 in
469 955 611 1022 Galliam
631 957 846 1040 proficiscitur
864 957 1042 1043 Quinctius,

41 1041 171 1108 ibicum
194 1044 263 1108 isto
287 1043 440 1126 [Naevio]
462 1043 670 1110 familiariter
692 1045 781 1110 vivit.
822 1045 953 1110 Annum
974 1046 1042 1112 fere

13 1143 95 1194 {runs
107 1134 196 1215 sunt,
216 1153 291 1197 eum
306 1135 340 1197 et
359 1132 398 1198 de
416 1132 572 1198 societate
590 1133 695 1198 multa
712 1133 797 1198 inter
815 1155 850 1198 se
868 1134 1044 1200 communi·

42 1223 139 1283 carent
172 1223 209 1284 et
242 1220 283 1284 de
313 1223 386 1286 tote
416 1220 475 1286 illa
505 1221 631 1288 ratione
663 1224 761 1305 atque
792 1243 827 1286 re
859 1220 1043 1306 Gallicaua3

41 1325 131 1388 neque
156 1307 289 1374 interea
317 1308 453 1375 verbum
475 1309 580 1374 ullum
601 1309 798 1394 interposuit
820 1307 963 1376 Naevius
986 1314 1044 1376 aut

43 1394 223 1460 societatem
234 1395 298 1460 sibi
307 1396 474 1481 quidpiam
483 1397 608 1481 debere,
622 1401 680 1462 aut
693 1397 847 1481 privatim
856 1396 1043 1473 Quinctium

44 1480 189 1550 debuisse.
229 1481 312 1549 Cum
330 1485 415 1550 aeris
433 1485 532 1550 alieni
549 1485 753 1569 aliquantum
775 1489 861 1550 esset
884 1486 1042 1570 relietum,

16 1570 146 1652 equibus
171 1571 365 1638 nominibus
391 1573 561 1657 pecuniam
587 1571 712 1641 Romae
741 1574 847 1640 curari
869 1578 1044 1658 oporteret,

44 1659 216 1726 auctionem
238 1660 275 1725 in
292 1659 402 1726 Gallia
423 1659 459 1725 P.
473 1660 526 1726 hic
539 1659 708 1736 Quinctius
726 1659 879 1727 Narbone
894 1683 929 1728 sc
941 1661 1043 1726 factu·

44 1765 102 1812 rum
128 1769 201 1813 esse
230 1748 406 1832 proscribit
432 1770 542 1814 earum
569 1770 692 1832 rerum,
722 1770 804 1834 quae
826 1749 928 1834 ipsius
951 1752 1044 1816 erant

44 1835 186 1916 privatae.
227 1835 280 1900 Ibi
302 1840 373 1902 tum
394 1836 445 1902 vir
468 1836 610 1922 optimus
629 1835 699 1902 Seu
717 1835 860 1902 Naevius
878 1836 1043 1902 hominem
1063 1857 1097 1908 ro

44 1922 142 1988 multis
169 1923 284 1990 verbis
312 1923 465 2008 deterret,
491 1946 533 1992 ne
560 1925 778 2007 auctionetur3
804 1945 878 1990 eum
904 1945 971 1990 non
996 1925 1045 1990 ita

17 2012 200 2078 ncommods
211 2031 356 2097 peraeae
372 2016 528 2098 ternpore,
544 2034 607 2098 quo
620 2012 876 2098 proscripsisset,
894 2011 1045 2096 vendere;

46 2095 155 2166 Romae
179 2101 246 2164 sibi
268 2119 474 2166 nummorum
495 2100 688 2168 facultatem
710 2121 790 2184 esse,
813 2121 919 2185 quam,
945 2101 974 2166 si
996 2122 1045 2166 sa

46 2191 134 2272 peret,
156 2209 364 2254 communem
387 2189 588 2254 existimaret
611 2211 670 2274 pro
692 2188 838 2255 fraterna
859 2189 918 2254 illa
938 2211 1044 2255 neees-

46 2272 174 2340 situdine
193 2279 229 2340 et
250 2297 311 2361 pro
333 2277 436 2361 ipsius
459 2277 633 2362 affinitate3
659 2298 736 2343 nam
758 2277 794 2342 P.
816 2275 947 2352 Quincti
969 2298 1044 2343 eon-

48 2361 202 2430 sobrinam
220 2363 322 2430 habet
334 2363 369 2430 in
383 2365 591 2430 matrimonio
605 2363 637 2430 N
638 2365 748 2430 aerius
762 2369 795 2430 et
809 2387 849 2430 ex
862 2387 901 2430 ea
914 2365 1045 2431 liberos.

21 2445 125 2534 “Quia
142 2451 234 2536 quod
256 2451 362 2518 virum
379 2453 500 2518 bonum
518 2452 625 2518 facere
643 2453 824 2538 oportebat,
841 2453 875 2517 id
893 2454 1045 2538 loqueba·

47 2539 89 2600 tur
112 2537 273 2623 Naevius,
300 2539 436 2607 credidit
463 2539 631 2616 Quinctius
663 2563 749 2625 eum,
782 2540 837 2626 qui
864 2541 1045 2608 orationem

48 2622 195 2694 bonorum
217 2625 411 2712 imitaretur,
433 2629 522 2694 laeta
539 2649 668 2714 quoque
683 2629 901 2712 imitaturum3
925 2629 1045 2694 suctio-

49 2731 109 2778 rem
125 2717 212 2781 selle
229 2715 338 2782 iacere
354 2716 492 2800 desistit,
513 2715 652 2782 Romam
671 2716 898 2801 proficiscitur;
921 2714 1045 2780 decedit

50 2819 79 2864 cr
106 2801 217 2868 Gallia
247 2803 387 2870 Romam
423 2804 520 2870 simul
551 2804 704 2870 Naevius.
757 2804 839 2871 Cum
875 2802 1043 2888 pecuniam
1064 2822 1097 2872 ιτ

23 2883 78 2950 ³⁰0.
97 2888 266 2966 Quinctius
287 2890 323 2956 P.
347 2890 504 2977 Scapulae
527 2891 700 2977 debuisset,
722 2914 781 2979 per
802 2896 846 2975 te,
868 2889 902 2956 Ο.
923 2890 1045 2974 Aquili,

51 2973 153 3044 decidit
187 2978 224 3045 P.
256 2978 439 3063 Quinctius,
474 2980 551 3065 quid
586 2981 697 3046 liberis
734 2981 802 3046 eius
845 2979 1044 3044 dissolveret.

50 3061 108 3130 Hoc
129 3089 167 3134 eo
189 3089 249 3152 per
271 3072 304 3132 te
324 3069 491 3153 agebatur,
514 3069 751 3154 quodpropter
769 3067 928 3134 aerariam
947 3067 1045 3134 rotie-

52 3171 113 3218 rem
136 3175 204 3222 non
229 3157 312 3220 satis
346 3160 416 3221 erat
446 3157 481 3222 in
510 3157 632 3223 tabulis
664 3156 856 3242 inspexisse,
888 3159 1045 3241 quantum

53 3237 216 3326 deberetur,
238 3244 303 3308 nisi
316 3244 357 3310 ad
371 3242 518 3310 Castoris
530 3245 720 3329 quaesisses,
737 3247 893 3329 quantum
909 3245 1045 3310 soluere

31 3329 104 3393 btur.
128 3329 257 3398 Decidis
274 3332 457 3416 statuisque
470 3336 508 3397 tu
520 3335 657 3418 propter
670 3331 948 3415 necessitudinem,
962 3352 1044 3414 quae

55 3415 104 3481 tibi
119 3440 189 3486 cum
208 3415 355 3504 Scapulis
374 3424 434 3504 est,
456 3420 534 3504 quid
551 3420 592 3484 iis
611 3420 652 3485 ad
670 3420 836 3486 denarium
855 3420 1044 3485 solveretur.

107 3504 191 3574 Haec
217 3507 327 3573 emnia
350 3506 518 3583 Quinctius
547 3508 666 3592 egebat
693 3511 823 3574 auctore
851 3511 883 3571 et
912 3525 1043 3570 consua-
1063 3481 1098 3600 P,
