2402 3936
272 156 338 211 mn.
353 157 393 212 111
424 159 502 213 cnP.
522 165 627 215 ‹rr-ae
646 167 662 226 s
682 166 828 216 1sr-1ea.
989 161 1054 227 335

38 300 248 364 istnmarem.
287 300 389 385 lime,
415 323 488 367 cum
510 307 544 367 te
568 325 606 368 ac
628 307 718 370 tuam
742 304 844 369 vitam
866 325 993 389 nosses,
1019 305 1055 371 in

39 387 191 454 Siciliam
210 393 318 454 tecum
339 389 495 474 grandem
516 395 757 476 praetextatum
779 393 883 457 filium
906 394 1054 478 ducebas,

39 480 88 560 nt,
118 476 266 578 etiarnsi·
280 481 399 578 natura
424 499 559 562 puerum
583 501 603 544 a
630 481 776 565 paternis
801 481 889 545 vitiis
913 484 1054 565 atquae

14 565 1052 738 ⁵{ntrpltllllllttlltlzl&intueti,tritt
1054 670 1105 720 160

38 741 71 805 in
89 763 131 806 eo
152 738 189 804 Ο.
203 740 294 805 Laeli
312 745 369 805 aut
387 739 574 808 M.Oat0nis
593 745 762 809 materiem
781 749 879 829 atque
897 745 1053 829 indolem,

40 829 117 912 quid
154 849 196 893 ex
227 849 265 893 eo
291 829 369 894 beni
396 831 520 915 sperari
547 835 644 916 atque
671 832 756 898 effici
782 837 904 919 petest,
936 835 991 918 qni
1017 834 1053 898 in

39 915 147 1001 patris
166 917 294 981 luxurie
313 917 359 982 sic
377 918 502 1002 vixerit,
524 922 562 983 ut
579 921 706 984 nullum
724 943 879 1005 umquam
899 923 1052 1008 pudicum

39 1027 146 1090 neque
175 1005 322 1070 sobrium
345 1006 528 1072 convivium
550 1007 681 1092 viderit,
709 1009 821 1092 quiin
844 1009 948 1093 epulis
972 1010 1052 1075 eeti-

7 1093 148 1158 ruanis
181 1092 296 1158 adulta
327 1097 434 1158 aetate
464 1115 523 1179 per
555 1095 729 1162 triennium
759 1097 844 1162 inter
870 1097 1050 1182 impudicas

39 1182 198 1247 mulieres
231 1185 265 1245 et
293 1181 548 1283 intemperantes
579 1184 667 1249 viros
698 1189 847 1250 versatus
880 1185 936 1269 sit,
967 1185 1051 1286 nillil

39 1269 419 1442 {difficillius
438 1273 1051 1445 {titzrqttllltlltaltili

39 1447 193 1511 imitatus
218 1450 316 1530 esset,
341 1467 420 1530 non,
447 1445 481 1510 id
504 1447 590 1531 qnod
612 1449 838 1534 turpissimum
861 1453 924 1535 est,
946 1449 1050 1535 patris

10 1548 30 1588 ¹⁵
42 1534 160 1598 similis
184 1535 378 1618 pateretur?

105 1621 236 1698 Quibus
250 1622 285 1685 in
297 1622 395 1687 rebus
407 1643 474 1688 non
488 1625 593 1689 solum
611 1625 690 1710 filio,
708 1626 837 1710 Verres,
858 1625 914 1691 sed
933 1626 1032 1700 etiam
1053 1597 1103 1723 33

41 1711 86 1776 rei
104 1709 261 1796 publicae
278 1710 384 1775 fecisti
402 1711 562 1776 iniuriam.
603 1710 796 1798 susceperas
820 1714 906 1778 enim
928 1714 1049 1780 liberos

41 1820 105 1864 nen
125 1799 237 1863 selum
254 1797 326 1881 tibi,
348 1799 523 1865 sedetiam
546 1801 681 1885 patriae,
704 1802 759 1884 qui
781 1823 847 1865 non
870 1801 965 1865 modo
988 1800 1051 1864 tibi

41 1885 223 1972 voluptati,
249 1887 305 1951 sed
333 1887 432 1952 etiam
459 1888 514 1972 qni
541 1888 714 1971 aliqnando
737 1889 810 1953 usui
832 1888 879 1951 rei
902 1887 1051 1973 publicae

13 1978 179 2059 ”possent
194 1995 274 2039 esse.
305 1973 371 2040 Flos
386 1975 556 2040 instituere
571 1980 669 2061 atque
687 1975 813 2040 erudire
832 1975 874 2040 ad
891 1975 1051 2040 maiorum

42 2063 206 2146 instituta,
230 2060 270 2128 ad
293 2062 434 2128 civitatis
458 2064 671 2150 disciplinam,
693 2085 759 2129 non
782 2062 822 2129 ad
844 2067 902 2128 tna
924 2063 1051 2148 flagitia

43 2173 147 2236 neque
176 2151 219 2214 ad
246 2155 320 2215 tuas
347 2151 564 2236 turpitudines
593 2151 746 2236 debuisti3
776 2156 862 2217 esset
888 2173 927 2217 ex
953 2151 1052 2215 inerti

44 2244 73 2304 et
99 2239 256 2324 improbo
284 2243 318 2303 et
343 2239 471 2324 impuro
498 2243 634 2324 parente
662 2261 786 2326 gnavus
815 2244 848 2306 et
872 2240 995 2325 pudens
1019 2243 1052 2304 et

43 2329 166 2411 probus
185 2327 287 2410 filius,
309 2327 446 2392 haberet
469 2328 593 2412 aliquid
614 2350 666 2392 res
689 2328 821 2413 publica
844 2329 902 2392 abs
925 2333 959 2393 te
981 2351 1052 2392 mu-

14 2415 139 2480 saeris.
181 2413 276 2479 Nunc
298 2435 358 2499 pro
381 2419 414 2480 te
433 2414 569 2480 Verrem
593 2415 791 2480 substituisti
815 2416 954 2480 alterum
977 2417 1052 2482 ciri·

44 2505 118 2588 tati,
143 2503 210 2568 nisi
231 2502 317 2567 forte
340 2503 402 2569 hoc
427 2503 568 2568 deterior
590 2508 653 2588 est,
676 2504 705 2568 si
726 2503 797 2568 fieri
819 2507 941 2588 petest,
965 2504 1052 2586 quod

44 2597 76 2657 tu
104 2592 178 2657 eius
207 2591 295 2656 medi
322 2591 456 2656 erasisti
482 2613 548 2656 non
574 2592 609 2656 in
633 2591 774 2656 hominis
798 2591 967 2675 luxuriosi,
995 2589 1051 2654 sed

43 2684 174 2745 tantum
206 2679 241 2744 in
271 2679 353 2744 furis
381 2683 478 2763 etque
508 2679 657 2744 divisoris
686 2679 856 2764 disciplina
884 2680 1051 2761 educatus3

45 2769 120 2852 quid
138 2769 207 2832 iste
224 2767 295 2831 fore
312 2767 461 2831 festivius
481 2768 686 2851 arbitramur,
708 2768 736 2832 si
754 2772 804 2833 est
821 2772 897 2832 tuus
915 2769 1033 2831 natura
1052 2776 1102 2826 162

16 2857 141 2941 relius,
155 2855 386 2921 consuetudine
400 2853 585 2952 discipulus,
599 2857 767 2922 voluntate
787 2854 925 2921 similis?
948 2852 1050 2928 Quem

45 2965 113 3031 ego,
137 2944 270 3027 iudices,
294 2944 441 3028 quamvis
460 2944 582 3008 bonum
600 2944 781 3028 fortemque
804 2942 899 3008 facile
921 2944 1051 3026 paterer

45 3033 196 3116 evadare,
217 3032 387 3096 nonenim
406 3053 458 3096 me
474 3032 664 3096 inimicitiae
682 3032 896 3112 commovent,
919 3030 948 3094 si
968 3050 1050 3113 quae

44 3122 125 3188 mihi
140 3143 215 3186 cum
233 3120 298 3184 iste
316 3120 445 3184 futurae
464 3124 548 3188 sunt.
579 3119 665 3185 Nam
685 3121 713 3184 si
731 3119 767 3183 in
785 3118 933 3183 omnibus
953 3118 1050 3182 rebus

44 3210 198 3275 mnoeens
216 3207 309 3273 suere
327 3208 453 3293 meique
477 3208 602 3292 similis,
624 3208 702 3291 quid
724 3207 804 3272 mihi
826 3205 921 3271 iatius
944 3205 1051 3270 inimi-

17 3298 141 3363 ⁸⁵citiae
158 3297 345 3362 nocebunt?
369 3295 421 3360 sin
439 3297 549 3380 aliqua
570 3297 605 3360 in
626 3317 662 3360 re
675 3294 788 3360 Verris
812 3293 927 3359 similis
949 3293 1051 3378 fuere,

45 3407 111 3451 non
138 3385 245 3470 magis
273 3384 353 3448 mihi
381 3384 482 3449 deerit
509 3384 670 3467 inimicus,
698 3405 795 3468 quam
817 3383 913 3448 Verri
941 3382 1051 3447 defuit.

46 3472 191 3555 Etenim,
218 3472 353 3557 iudices,
376 3473 445 3538 eius
468 3473 555 3538 medi
578 3493 630 3536 res
653 3471 784 3557 publica
806 3471 902 3536 debet
925 3492 994 3536 esse
1018 3473 1050 3534 et
