2404 3928
258 133 324 188 ms.
343 135 386 190 111
418 134 496 190 cap.
514 140 621 192 sa-oe
638 142 654 203 s
674 142 821 192 ree-194.
981 138 1046 204 349

49 277 210 342 vecturae?
244 300 306 363 quo
330 301 369 343 ex
392 279 463 344 looo
485 279 520 344 in
544 301 638 364 quem
661 280 768 347 loeum
791 303 831 345 ne
854 283 1046 367 portarent?

48 362 232 431 Philomelio
263 366 452 451 Ephesum?
501 366 618 454 Viden,
654 369 732 453 quid
767 369 853 434 inter
884 391 1047 436 annonam

48 451 192 518 interesse
226 455 342 539 soleat,
373 456 480 537 vidae,
513 460 592 540 quot
625 456 749 522 dierum
780 457 834 522 via
863 457 920 541 sit,
951 458 1045 524 video

47 537 343 608 Philomeliensibus
369 543 531 629 expedire,
559 545 673 628 quanti
695 545 819 629 Ephesi
841 545 885 610 sit
906 545 1046 612 frumen·

29 630 120 712 otum,
147 629 227 696 dare
248 631 357 716 potius
380 631 416 697 in
436 631 582 718 Phrygia
605 654 703 717 quam
724 633 891 718 Ephesum
913 637 1045 718 portare

48 720 94 779 aut
124 717 164 782 ad
198 720 368 785 emendum
395 719 594 786 frumentum
621 721 788 806 Ephesum
815 723 984 808 peenniam
1012 727 1046 788 et

47 803 161 890 legatos
180 808 321 872 mittere.
361 808 401 874 In
419 807 531 874 Sicilia
551 830 628 875 vero
652 811 729 895 quid
751 811 819 876 eius
843 811 932 877 modi
954 811 1026 877 est?
1047 822 1097 872 192

47 889 150 959 Henna
168 895 406 962 mediterranea
424 899 475 962 est
497 897 645 963 maxime.
680 896 779 985 Coge,
801 903 838 964 ut
861 900 903 964 ad
925 922 1043 986 aquam

47 979 109 1064 tibi,
133 981 168 1046 id
192 985 280 1068 quod
303 985 421 1052 summi
442 984 522 1050 iuris
546 989 609 1070 est,
630 985 830 1053 frumentum
852 987 1042 1054 Hennenses
1166 1057 1178 1066 ,

23 1079 39 1119 ¹⁰
49 1067 254 1137 admetiantur
276 1073 328 1138 vel
350 1072 517 1139 Phintiam
539 1076 591 1140 vel
612 1073 790 1142 Halaesam
813 1077 866 1140 vel
884 1075 1043 1161 Catinam,
1153 1121 1162 1126 -

48 1153 106 1220 loea
121 1158 263 1226 interae
282 1183 431 1227 maxume
449 1161 585 1247 diversa,
604 1163 716 1228 eodem
736 1165 795 1248 die,
819 1186 882 1248 quo
900 1164 1043 1249 iusseriS,

49 1241 263 1328 deportabunt.
312 1247 456 1315 Tametsi
486 1271 527 1315 ne
557 1255 688 1317 vectma
718 1252 846 1337 quidem
874 1258 925 1317 est
952 1274 1042 1338 opus.

48 1327 119 1397 Nam
149 1339 243 1403 totus
276 1342 429 1423 quaestus
461 1339 528 1422 hie,
558 1339 692 1424 iudices,
725 1341 972 1407 aestumationis
1005 1363 1044 1406 ex

49 1439 178 1490 annonae
205 1429 304 1492 natus
333 1430 383 1492 est
409 1426 576 1492 varietate.
621 1428 693 1495 Hoo
720 1429 807 1495 euim
829 1430 1043 1516 magistratus

23 1505 75 1569 ¹⁵in
96 1513 263 1592 provincia
290 1514 423 1599 adsequi
449 1519 572 1600 potest,
599 1521 637 1581 ut
663 1517 710 1582 ibi
736 1518 888 1602 accipiat,
914 1519 971 1584 uhi
994 1522 1044 1584 est

51 1597 247 1668 carissimum.
295 1602 373 1668 Ideo
404 1603 492 1668 valet
523 1604 589 1669 ista
620 1606 705 1673 ratio
734 1606 980 1672 aestumationis
1009 1607 1045 1672 in

50 1682 128 1770 Asia,
158 1691 249 1755 valet
278 1691 313 1756 in
338 1689 512 1777 Hispania,
544 1693 632 1758 valet
658 1694 694 1758 iu
720 1694 760 1758 iis
787 1694 978 1779 provinciis,
1008 1695 1044 1759 in

51 1772 149 1852 quibus
180 1801 282 1844 unum
314 1780 455 1864 pretium
486 1779 649 1845 frumento
682 1802 752 1848 esse
784 1803 850 1847 non
880 1783 978 1864 solet,
1008 1781 1043 1846 in

51 1855 143 1929 Sieilia
160 1889 240 1933 vero
260 1867 337 1953 quid
354 1868 543 1952 cuiusquam
561 1869 726 1952 intererat,
750 1890 813 1953 qno
836 1869 908 1934 loeo
928 1869 1043 1933 daret?

26 1957 135 2033 *lneque
163 1956 251 2021 enim
275 1956 471 2041 portandum
495 1959 578 2040 erat,
606 1959 652 2040 et,
680 1979 743 2041 quo
767 1957 901 2041 quisque
925 1957 1042 2022 vehere

51 2032 139 2105 iussus
149 2047 247 2129 esset,
256 2044 302 2108 ibi
314 2044 472 2109 tantidem
483 2042 683 2110 frumentum
693 2048 822 2129 emeret,
831 2044 946 2128 quanti
956 2045 1044 2110 domi

51 2127 240 2196 vendidisset.
280 2131 385 2209 Quam
408 2132 450 2198 ob
473 2154 555 2217 rem,
578 2133 606 2198 si
629 2133 692 2218 vis,
718 2133 887 2218 Hortensi,
911 2132 1095 2202 docerent

53 2211 156 2298 aliquid
174 2220 219 2284 ab
236 2219 300 2285 isto
320 2221 425 2287 simile
445 2220 480 2284 in
503 2222 739 2287 aestumatione
763 2227 860 2307 atque
884 2244 903 2287 a
926 2221 1041 2290 ceteris

52 2317 107 2366 esse
131 2301 275 2393 fautum,
297 2309 412 2374 dooeas
442 2310 606 2394 oportebit
629 2311 738 2394 aliquo
761 2311 796 2376 in
818 2311 889 2376 loeo
913 2308 1041 2377 Siciliae

28 2393 183 2468 opraetore
207 2395 308 2462 Verre
335 2397 436 2462 ternis
465 2396 605 2462 denariis
632 2398 733 2464 tritici
761 2398 904 2464 modium
932 2399 1043 2464 fuisse.

54 2559 59 2571 Ι
105 2479 198 2570 Vide,
230 2507 328 2570 quam
358 2484 421 2550 tibi
448 2484 665 2551 defensionem
692 2484 913 2571 patefecerim,
945 2508 1042 2571 quam
1053 2484 1096 2548 84

53 2564 179 2651 miquam
211 2573 247 2638 in
278 2573 396 2657 socios,
429 2595 526 2656 quam
557 2576 716 2638 remotam
749 2572 791 2637 ab
820 2572 965 2638 utilitate
996 2574 1044 2638 rei
1132 2623 1134 2629 2

53 2653 197 2746 publicae,
230 2683 327 2746 quam
360 2661 539 2728 seiunctam
571 2684 591 2726 a
619 2661 789 2727 voluntate
817 2661 1044 2727 assentantis

53 2735 128 2825 legis.
172 2749 236 2834 Tu,
268 2772 340 2816 oum
372 2749 434 2814 tibi
466 2770 527 2835 ego
558 2749 758 2815 frumentum
784 2750 819 2815 in
846 2750 926 2814 meis
954 2749 1042 2835 agris

29 2829 135 2913 totque
156 2837 192 2902 in
214 2859 286 2903 mea
309 2837 456 2920 civitate,
478 2837 614 2920 deniquo
632 2837 667 2902 in
688 2839 728 2903 iis
752 2838 846 2921 loeis,
868 2838 903 2902 in
926 2837 1042 2921 quibus

54 2925 191 3011 versaris,
218 2947 287 2990 rem
311 2925 410 3012 geris,
437 2925 638 3009 provinciam
662 2926 884 3008 administras,
908 2929 1042 3010 paratus

55 3000 104 3070 Sim
132 3011 220 3098 dare,
254 3015 410 3101 angulum
442 3013 523 3077 mihi
556 3013 696 3097 aliquem
727 3013 830 3099 eligas
857 3013 1043 3096 provinciae

54 3099 236 3166 reconditum
260 3124 297 3168 ae
320 3101 531 3168 derelictum?
556 3101 668 3166 iubeas
690 3101 737 3166 ihi
760 3123 811 3165 me
834 3100 955 3186 metiri,
979 3123 1043 3186 quo

55 3187 167 3257 portare
189 3211 255 3256 non
279 3190 440 3276 expediat,
473 3189 528 3254 ubi
551 3211 657 3254 emere
684 3210 750 3254 non
771 3188 918 3274 possim?
963 3190 1096 3255 Im-194

28 3267 174 3344 ³⁵P10bum
201 3278 339 3363 facinus,
366 3278 500 3368 iudices,
526 3299 594 3360 non
619 3276 799 3362 ferendum,
826 3277 948 3342 nemini
969 3278 1042 3364 lege

56 3369 236 3450 eoneessum,
264 3367 320 3434 sed
346 3366 487 3432 fortasse
515 3366 619 3431 adhue
646 3366 680 3430 in
704 3364 796 3431 nullo
819 3365 918 3431 etiam
941 3366 1042 3431 vindi-

54 3445 156 3516 catum!
193 3453 317 3521 Tamen
335 3475 397 3542 ego
414 3455 485 3538 hoe,
509 3454 595 3538 quod
612 3453 692 3520 ferri
709 3474 793 3540 nego
812 3476 917 3540 posse,
937 3453 1042 3538 Verri,
