2404 3928
274 151 341 208 nm.
359 152 398 208 1v
429 151 508 208 cnr.
527 159 633 210 e4-ee
651 159 667 221 s
687 160 834 211 143—148.
993 156 1060 224 425

47 296 140 362 facte
174 299 274 379 esset,
305 294 361 360 sed
393 296 492 362 etiam
523 296 740 382 perscriptum
772 302 869 383 atque
900 299 935 366 in
966 300 1059 367 tabu·

48 385 101 450 las
134 383 288 468 relatum,
318 387 451 468 praetor
476 384 670 470 appellatur.
716 385 763 452 At
791 386 862 472 quis
890 389 1058 474 appellat?

49 471 267 559 magistratus
286 472 409 556 aliqui?
441 471 555 539 Nemo.
596 471 758 541 Senator?
794 473 844 540 Ne
862 475 896 541 id
919 477 1059 561 quidem.

48 559 330 646 Syracusanorum
344 560 467 644 aliqui?
489 561 631 628 Minime.
665 561 744 639 Quis
758 562 860 650 igitur
873 568 1057 649 praetorem

14 649 221 735 sappellat?
271 647 333 724 Qui
365 652 518 733 quaestor
549 650 644 716 istius
670 650 792 736 fuerat,
823 651 857 717 Ρ.
881 651 1059 720 Caesetius.

49 737 76 803 0
101 759 174 804 rem
196 737 378 804 ridiculam!
411 759 430 803 e
454 737 618 804 desertum
640 738 819 824 hominem,
842 741 1057 828 desperatum,

49 826 218 894 relictum!
253 823 284 890 Α
302 825 499 912 magistratu
517 823 636 911 Siculo,
657 848 698 892 ne
717 833 849 896 senatus
872 831 1057 897 consultum

49 913 154 982 Siculi
171 913 318 980 homines
336 913 444 980 facere
459 918 603 999 possent,
624 937 666 980 ne
685 937 779 983 suum
796 917 847 982 ius
871 918 937 984 suis
961 921 1057 986 moriss

49 1005 122 1087 bus,
146 1002 214 1068 auis
235 1002 363 1088 legibus
386 1002 533 1068 obtinere
555 1007 698 1088 possent,
719 1027 786 1070 non
808 1006 929 1072 amiens
952 1008 1058 1094 istius,

6 1109 35 1150 ro
49 1114 117 1157 non
135 1091 265 1175 hospes,
286 1111 353 1156 non
371 1089 507 1175 denique
528 1091 646 1176 aliquis
665 1090 802 1176 Siculus,
811 1095 881 1159 ’sed
904 1101 1058 1179 quaestor

48 1179 168 1264 populi
192 1179 333 1244 Romani
361 1183 546 1264 praetorem
572 1181 731 1266 appellat!
777 1179 855 1257 Quis
882 1181 944 1248 hoe
967 1183 1058 1266 vidit,

49 1269 125 1353 quis
145 1266 291 1333 audivit?
327 1266 464 1334 Praetor
482 1287 603 1353 aequus
623 1273 657 1334 et
675 1269 803 1354 sapiens
824 1270 945 1336 dimitti
967 1271 1058 1338 iubet

50 1359 212 1422 senatum
238 1354 409 1422 Concurrit
422 1355 464 1421 ad
478 1377 530 1422 me
544 1357 686 1424 mamma
699 1357 883 1425 multitudo.
912 1358 1057 1426 Primum
1164 1440 1168 1443 ,

51 1449 219 1512 senatores
255 1444 396 1512 clamare
432 1444 495 1510 sibi
531 1445 613 1530 eripi
648 1446 712 1531 ius,
748 1447 830 1532 eripi
860 1447 1058 1532 libertatem,

12 1549 37 1592 re
50 1534 193 1619 populus
211 1536 360 1598 senatum
377 1532 519 1616 laudare,
541 1535 665 1626 gratias
685 1555 791 1621 agere,
813 1534 898 1601 cives
917 1535 1059 1602 Romani

51 1645 71 1687 a
84 1644 139 1688 me
152 1641 313 1704 nusquam
327 1619 497 1686 discedere.
530 1619 600 1697 Quo
615 1622 745 1705 quidem
759 1623 810 1690 die
827 1623 910 1688 nihil
930 1625 1057 1709 aegrius

50 1710 177 1776 factum
209 1712 260 1774 est
290 1709 394 1774 multo
426 1709 538 1774 labore
566 1731 652 1793 meo,
683 1732 782 1794 quam
808 1715 846 1776 ut
872 1732 987 1778 manus
1015 1712 1057 1777 ab

51 1800 111 1863 illo
135 1797 338 1882 appellatore
361 1797 612 1864 abstinerentur.

120 1885 203 1952 Cum
233 1884 274 1951 ad
300 1889 484 1970 praetorem
512 1885 546 1950 in
572 1885 623 1950 ius
651 1884 843 1968 adissemus,
876 1886 1040 1972 excogitat
1060 1900 1109 1951 14⁷

14 1991 39 2032 2⁰
52 1997 135 2040 sane·
159 1976 264 2057 acute,
291 1973 368 2057 quid
390 1973 549 2038 decernat.
594 1971 680 2038 Nam
704 1977 779 2038 ante
803 1995 900 2058 quam
923 1975 1058 2041 verbum

51 2063 202 2146 facerem,
224 2061 264 2127 de
282 2062 364 2126 sella
382 2061 523 2126 surrexit
542 2065 640 2146 atque
662 2061 752 2128 abiit.
788 2061 902 2147 Itaque
925 2065 996 2128 tum
1020 2063 1059 2129 de

51 2151 135 2235 foro,
155 2172 228 2216 cnm
245 2150 312 2216 iam
330 2149 620 2235 advesperasceret,
642 2149 857 2216 discessimus.
896 2150 1058 2218 Postridie
1067 2149 1111 2215 66

53 2261 149 2304 mane
177 2239 218 2304 ab
246 2259 284 2304 ee
311 2238 457 2322 postulo,
483 2241 520 2302 ut
547 2237 758 2321 Syracusanis
786 2239 899 2307 liceret
926 2244 1058 2307 senatus

53 2328 251 2410 consultum,
279 2325 365 2411 quod
388 2325 492 2412 pridie
514 2324 680 2409 fecissent,
708 2327 789 2391 mihi
811 2327 951 2396 reddere.
997 2328 1059 2394 Ille

18 2432 40 2474 a
54 2417 142 2481 eninr
167 2436 244 2480 vero
271 2418 372 2500 negat
399 2417 433 2478 et
455 2413 502 2479 ait
523 2413 692 2499 indignum
715 2415 840 2480 facinus
863 2437 946 2500 esse,
973 2417 1059 2500 quod

54 2525 115 2591 ego
144 2505 179 2569 in
205 2507 319 2568 senatu
345 2501 468 2568 Graeco
496 2502 595 2567 verba
621 2501 785 2586 iecissem3
816 2503 902 2586 quod
929 2503 1059 2586 quidem

54 2592 142 2677 apud
168 2590 308 2658 Graecos
337 2589 457 2658 Graece
489 2590 616 2657 locutus
649 2611 768 2674 essem,
797 2589 832 2656 id
862 2591 942 2657 ferri
967 2590 1058 2657 nulle

54 2680 152 2748 modo
179 2700 283 2764 posse.
327 2677 493 2764 Respondi
520 2678 658 2763 homini,
690 2682 728 2744 ut
753 2679 859 2764 potui,
890 2682 928 2745 nt
954 2678 1059 2762 debui,

53 2774 91 2833 ut
122 2768 220 2834 volui.
264 2766 347 2833 Cum
378 2768 496 2850 multa,
527 2771 597 2831 tum
630 2767 728 2832 etiam
760 2767 823 2832 hoo
850 2787 898 2831 me
927 2766 1060 2831 memini

20 2871 42 2914 ³0
55 2857 174 2939 dicere,
205 2855 301 2922 facile
328 2875 399 2920 esse
425 2855 645 2940 perspicuum,
676 2858 833 2938 quantum
861 2854 947 2918 inter
973 2852 1059 2920 hunc

55 2948 87 3010 et
109 2944 205 3010 illum
227 2943 448 3027 Numidicum,
475 2963 587 3009 verum
611 2947 645 3008 et
668 2963 858 3028 germanum
881 2941 1059 3026 Metellum,

54 3032 240 3116 interesset3
271 3033 365 3097 illum
396 3030 539 3097 noluisse
571 3051 631 3096 sua
662 3030 848 3096 laudatione
879 3029 991 3096 iurare
1023 3029 1059 3095 L.

54 3120 240 3204 Lucullum,
264 3119 384 3186 sororis
407 3119 526 3204 virum,
549 3118 679 3202 quicum
702 3118 824 3203 optime
847 3117 1060 3203 convenisset,

55 3209 140 3276 hunc
158 3208 282 3275 homini
301 3208 500 3274 alienissimo
523 3229 543 3273 a
566 3201 979 3273 civitatibus'laudationes
1002 3229 1060 3292 per

21 3312 43 3354 ³⁵
55 3300 121 3364 vim
137 3301 172 3362 et
184 3301 307 3364 metum
321 3317 517 3379 comparare.
551 3293 644 3371 Quod
658 3295 715 3360 ubi
727 3294 883 3378 intellexi,
902 3296 1042 3362 multum
1062 3303 1107 3355 14?

56 3387 140 3472 apud
171 3385 266 3452 illum
298 3385 436 3450 recentis
467 3384 615 3467 nuntios,
650 3384 790 3450 multum
822 3383 961 3451 tabellas
994 3404 1060 3450 non

56 3473 351 3558 commendaticias,
388 3472 443 3539 sed
477 3471 669 3540 tributarias
701 3471 856 3557 valuisse,
893 3472 1060 3539 admonitu
