2392 3944
150 193 216 261 236
450 191 489 245 IN
509 191 537 246 (l.
553 190 707 245 VERREM
725 189 805 246 Acn.
824 190 859 245 Il'.

151 336 359 422 efferrentur,
393 336 564 421 pertimuit
599 333 773 419 aliquando
810 338 844 400 et
879 338 1058 400 eommotus
1087 336 1139 416 est3

151 425 251 490 vertit
268 426 382 492 stilum
398 426 435 490 in
451 424 574 492 tabulis
593 423 669 507 suis,
689 444 752 507 quo
770 422 859 488 faoto
878 445 1011 490 oausam
1028 443 1140 488 omnem

152 515 271 579 evertit
297 535 403 598 suam3
428 513 511 578 nihil
539 511 625 578 enim
653 511 717 577 sibi
740 511 859 595 reliqui
881 511 973 594 feeit,
998 511 1082 596 quod
1102 510 1141 573 de

152 601 241 674 fendi
268 603 379 687 aliqua
404 602 531 667 ratione
557 602 678 684 posset.
723 598 809 664 Nem
838 599 867 664 si
889 599 938 664 ite
961 598 1142 664 defenderet:

152 689 281 774 ‘Reoipi
306 711 426 756 nomen
452 685 596 754 absentis
624 688 714 772 lieet3
742 686 804 755 hoo
831 687 903 751 fieri
930 687 966 751 in
991 687 1162 771 provincias

151 779 243 842 nulla
265 778 317 842 lex
339 775 457 860 vetat’,
484 776 572 848 mala
595 779 628 840 et
650 775 801 860 improba
823 774 1025 859 defensione,
1047 795 1144 838 verum

152 865 262 948 aliqua
288 869 399 928 tamen
426 865 476 928 uti
499 863 675 946 videretur3
701 867 869 946 postremo
892 867 1005 928 tamen
1026 863 1083 928 illo
1104 862 1144 924 de

152 951 376 1038 speretissimo
401 951 551 1037 perfugio
573 952 623 1016 uti
645 955 770 1035 posset,
797 973 832 1016 se
854 951 1092 1035 imprudentem
1110 948 1145 1012 fe
1183 953 1184 999 l

20 1115 23 1120 Α
153 1041 248 1125 uisse,
275 1040 477 1106 existimasse
504 1040 537 1104 id
564 1039 669 1106 liuere.
717 1037 921 1122 Quamquam
948 1039 1031 1104 haee
1057 1037 1145 1124 perdi·

152 1129 282 1194 tissime
314 1127 458 1197 defensio
494 1132 557 1212 est,
592 1131 704 1192 tamen
737 1127 860 1210 aliquid
892 1127 956 1192 diei
989 1126 1145 1192 videretur.
1156 1139 1173 1180 1⁰

153 1217 255 1282 Tollit
277 1238 317 1282 ex
339 1216 460 1283 tabulis
483 1215 532 1301 id,
553 1215 639 1299 quod
661 1217 745 1299 erat,
769 1215 830 1295 [et]
852 1213 1068 1280 feeit-eorem
1089 1233 1146 1279 esse

98 1305 415 1457 42delefflp.videte
441 1392 476 1455 in
504 1395 585 1474 quot
612 1411 646 1458 se
673 1390 808 1474 laqueos
834 1389 978 1456 induerit
1023 1410 1146 1475 quorum

101 1437 192 1544 102ex
217 1480 309 1544 nullo
336 1501 371 1544 se
403 1501 558 1562 umquam
586 1477 740 1562 expediet.
784 1478 930 1543 Primum
956 1441 1030 1562 iriae
1055 1479 1089 1542 in
1109 1475 1146 1540 Si·

153 1566 227 1632 eilia
245 1587 341 1650 saepe
360 1568 419 1647 [et]
442 1566 554 1650 palem
577 1566 615 1630 de
638 1566 710 1632 loeo
734 1565 899 1650 superiore
922 1565 1050 1632 dixerat
1071 1569 1101 1630 et
1120 1566 1174 1627 ina

153 1674 301 1721 sermone
332 1654 445 1720 multis
477 1653 717 1720 demonstraret
747 1653 843 1718 licere
872 1675 991 1720 nomen
1019 1655 1146 1739 recipere

154 1742 313 1825 absentis;
331 1764 365 1808 se
384 1743 531 1827 exemplo
549 1742 675 1824 feoisse,
694 1742 781 1826 quod
798 1741 937 1807 fecisset.
978 1741 1069 1807 Haeo
1087 1761 1147 1805 eun

154 1830 321 1896 dictitasse
351 1831 460 1916 priore
492 1830 619 1896 actione
651 1835 684 1894 et
715 1826 786 1894 Sex.
812 1829 987 1914 Pompeius
1020 1827 1146 1894 Chlorus

154 1919 248 2002 dixit,
280 1918 319 1983 de
350 1918 440 1983 euius
471 1919 592 1982 virtute
624 1921 720 1982 entes
747 1918 1012 2001 commemoravi,
1043 1922 1076 1982 et
1101 1915 1147 1982 (ln

152 2005 326 2087 Pompeius
347 2004 545 2087 Theodorus,
566 2004 665 2069 homo
688 2009 722 2070 et
744 2003 801 2070 On.
819 2005 963 2089 Pompei,
985 2002 1175 2070 olarissinin

153 2093 225 2174 viri,
247 2091 365 2156 iudicio
383 2091 533 2174 plurimis
555 2092 769 2176 maximisque
790 2093 826 2157 in
848 2094 945 2157 rebus
968 2092 1147 2178 probatissi-

153 2200 225 2242 mus
244 2182 277 2242 et
294 2178 439 2243 omnium
458 2177 697 2244 existimatione
716 2181 953 2264 ornatissimus,
976 2185 1009 2246 et
1027 2181 1148 2247 Posides

152 2265 263 2330 Mauro
296 2262 500 2348 Soluntinus,
535 2265 634 2330 homo
671 2285 797 2335 summa
832 2268 1019 2352 nobilitate,
1052 2267 1149 2334 existi·

154 2353 311 2438 motione,
342 2353 462 2418 virtute
490 2354 732 2440 ornatissimus,
760 2360 793 2420 et
820 2357 881 2422 hae
895 2357 1036 2432 ¹actione
1063 2376 1148 2440 quen

154 2441 272 2507 voletis
303 2442 401 2508 multi
432 2441 552 2525 dicent,
584 2446 618 2507 et
650 2445 705 2528 qui
731 2465 772 2508 ex
798 2444 863 2509 isto
890 2445 962 2529 ipso
991 2445 1176 2510 audieruntn

153 2529 217 2594 viri
243 2529 391 2614 primarii
416 2531 523 2595 nostri
550 2530 671 2596 ordinis
697 2531 824 2614 etalii,
850 2533 908 2615 qui
935 2533 1149 2610 interfuerunt,

154 2639 228 2683 aum
248 2618 392 2684 absentis
409 2639 530 2685 nomen
547 2618 752 2701 reciperetur.
788 2618 914 2684 Deinde
933 2620 1065 2704 Romae,
1087 2639 1149 2685 eun

155 2710 242 2771 aeta·
260 2728 311 2772 res
343 2706 379 2770 in
406 2709 521 2771 senatu
548 2710 612 2790 est,
631 2719 755 2772 'ornnes
782 2706 878 2772 istius
907 2708 1017 2789 amioi,
1048 2709 1083 2774 in
1106 2707 1149 2770 his

154 2793 254 2858 etiam
286 2797 380 2878 pater
409 2793 477 2857 eius
508 2794 571 2859 hoo
603 2793 796 2858 defendebat
825 2795 923 2860 liuere
949 2796 1035 2880 fieri3
1065 2814 1149 2878 saepe

154 2900 225 2946 esse
246 2880 385 2964 factunm
412 2881 475 2946 iste
499 2881 585 2964 quod
607 2881 752 2965 fodisset,
778 2881 918 2948 aliorum
941 2884 1088 2968 exemplo
1108 2883 1177 2948 iri-³l

103 2975 151 3024 10³
172 2969 352 3054 stitutoque
374 2968 499 3034 feoisse.
539 2968 628 3034 Dieit
649 2974 819 3052 praeterea
842 2972 1068 3038 testimonium
1088 2973 1149 3036 tota

154 3049 274 3138 Sieilia,
297 3078 378 3139 quae
396 3056 432 3122 in
454 3057 678 3122 communibus
701 3057 878 3140 postulatis
902 3059 1074 3126 civitatum
1095 3080 1150 3124 orn-

153 3139 244 3205 nium
263 3143 449 3209 oonsulibus
468 3143 577 3227 edidit,
596 3165 713 3230 rogare
730 3149 827 3229 atque
846 3168 940 3212 orere
958 3152 1070 3231 patres
1087 3168 1149 3214 eon-

154 3228 307 3312 seriptos,
334 3235 371 3294 ut
397 3234 590 3316 statuerent,
617 3253 658 3296 ne
680 3231 865 3298 absentium
887 3235 1022 3302 nomina
1045 3237 1150 3318 recipe

153 3320 274 3378 rentur.
316 3315 386 3390 Qua
413 3317 452 3380 de
476 3339 510 3381 re
534 3316 591 3384 On.
609 3319 796 3404 Lentulum,
822 3326 1000 3404 patronum
1024 3322 1178 3402 Siciliael⁵

153 3397 370 3464 clarissimum
383 3403 632 3490 adulescentem,
651 3407 756 3472 dicere
770 3408 917 3493 audistis,
934 3409 1071 3494 Siculos
1088 3431 1149 3476 oum
1183 3419 1184 3462 l

153 3503 187 3545 se
211 3503 350 3565 eausam,
373 3507 455 3568 quae
477 3491 540 3553 sibi
562 3493 598 3556 in
620 3498 736 3558 senatu
757 3516 818 3577 pro
842 3495 894 3561 his
918 3499 1045 3584 agenda
1068 3503 1149 3577 esset,
