2402 3936
261 183 328 240 ΗΒ.
346 184 373 239 Il
404 183 482 239 GAP.
502 191 607 241 'll-ro
625 191 807 252 §.ter-18⁷.
972 187 1036 252 267

43 328 195 394 attendite.
232 327 295 394 His
327 329 620 412 exportationibus,
653 351 735 414 quae
766 332 922 396 recitatae
953 337 1039 416 sunt,

44 417 145 482 scribit
162 413 217 482 Hs
236 419 284 482 ΕΞ
308 417 413 483 socios
437 417 615 503 perdidisse
638 417 877 484 ex'vicensima
899 421 1038 504 portorii

43 503 206 590 Syracusis.
247 505 399 572 Pauculis
422 506 524 592 igitur
547 506 726 590 mensibus,
752 510 789 571 ut
812 507 848 573 hi
868 509 982 593 pusilli
1005 513 1038 574 et

44 594 209 678 contempti
227 594 333 659 libelli
350 594 504 678 indicant,
525 593 615 660 furta
632 596 803 680 praetoris,
825 617 908 680 quae
929 601 1038 662 essent

25 679 88 746 slis
105 686 206 766 5666,
232 705 271 748 ex
294 704 358 748 uno
371 682 500 767 'oppido
524 683 595 748 solo
619 687 790 767 exportata
813 689 898 750 sunt.
943 682 1038 771 Cogi·

44 775 99 834 tate
123 793 223 854 nuuc,
250 793 323 838 cum
351 770 410 835 illa
433 769 544 836 Sicilia
567 771 624 855 sit,
650 771 713 837 hoo
735 777 785 838 est
807 773 927 858 insula,
955 795 1038 857 quae

45 859 167 943 undique
186 859 293 924 exitus
312 858 494 924 maritimos
511 859 641 943 habeat,
665 861 742 944 quid
761 883 800 926 ex
818 861 933 927 ceteris
956 862 1038 927 locis

45 950 237 1031 exportatum
250 948 382 1032 putetis,
397 947 474 1031 quid
481 947 674 1033 Agrigento,
688 948 766 1032 quid
779 949 947 1034 Lilybaeo,
961 950 1039 1034 quid

44 1033 229 1119 Panhormo,
253 1035 329 1119 quid
347 1034 510 1119 Thermis,
534 1036 611 1120 quid
631 1035 788 1120 Halaesa,
812 1038 889 1122 quid
911 1036 1039 1122 Catina,

20 1123 107 1206 cquid
123 1146 162 1188 ex
181 1124 299 1189 ceteris
319 1123 455 1208 oppidis,
479 1124 556 1209 quid
578 1146 655 1189 vero
673 1124 833 1209 Messana,
857 1146 953 1210 quem
975 1126 1038 1190 iste

45 1211 215 1278 sibilorum
229 1213 369 1278 maxime
387 1217 496 1278 tutum
515 1234 585 1277 esse
604 1213 836 1297 arbitrabatur,
854 1213 912 1278 ubi
930 1214 1038 1278 animo

46 1321 154 1385 semper
182 1301 294 1366 soluto
319 1300 486 1385 liberoque
510 1305 593 1383 erat,
621 1301 708 1386 quod
731 1302 794 1366 sibi
816 1301 880 1366 iste
902 1301 1038 1366 Mamer-

44 1388 114 1454 tinos
136 1389 320 1475 delegerat,
348 1388 389 1455 ad
412 1409 492 1472 quos
517 1389 638 1473 omnia,
664 1412 746 1474 quae
770 1393 827 1456 aut
849 1390 1038 1477 diligentius

46 1477 187 1543 sonanda
216 1482 274 1542 aut
301 1477 458 1543 occultius
487 1478 687 1563 exportanda
709 1483 816 1563 erant,
843 1479 1040 1564 deportaret.

21 1563 93 1628 ollis
116 1566 260 1632 inventis
288 1565 409 1630 libellis
433 1566 531 1631 ceteri
553 1567 672 1632 remoti
695 1570 728 1632 et
750 1568 939 1654 diligentius
964 1571 1040 1634 sunt

46 1655 201 1738 reconditi,
228 1675 288 1720 nos
315 1658 440 1739 tamen,
466 1657 503 1718 ut
531 1675 642 1720 omnes
669 1656 866 1742 intellegant
892 1657 954 1722 boo
979 1677 1039 1721 nos

47 1741 100 1806 siue
116 1742 297 1828 cupiditate
316 1763 421 1828 agere,
444 1741 495 1806 his
514 1743 595 1827 ipsis
614 1743 735 1807 libellis
754 1744 899 1809 contenti
919 1765 1038 1808 sumus.
1050 1785 1093 1848 76

97 1828 189 1897 Nunc
205 1831 247 1896 ad
261 1831 422 1896 sociorum
435 1831 566 1895 tabulas
586 1831 710 1914 accepti
728 1834 761 1895 et
779 1832 920 1916 expensi,
940 1851 1020 1914 quas
1042 1863 1093 1912 186

47 1937 196 1986 removere
209 1919 346 1984 honeste
359 1919 451 1984 nullo
470 1918 566 1984 modo
585 1921 770 2004 potuerunt,
789 1923 822 1982 et
841 1918 882 1983 ad
901 1919 1039 1984 amicum

23 2007 122 2072 ornum
149 2007 378 2091 Carpinatium
405 2011 613 2072 revertemur.
662 2006 918 2091 Inspioiebamus
947 2004 1040 2089 Syra-

48 2096 114 2159 cusis
141 2119 162 2161 a
186 2093 377 2181 Carpinatio
405 2094 568 2160 confectas
595 2095 727 2161 tabulas
750 2094 929 2179 societatis,
958 2117 1040 2180 quae

48 2181 262 2267 significabant
279 2183 391 2248 multis
414 2182 600 2248 nominibus
624 2205 679 2250 eos
702 2184 850 2250 homines
872 2205 1040 2250 versuram

48 2269 271 2357 scarpinatio
302 2271 431 2354 fecisse,
465 2270 521 2355 qui
551 2272 704 2355 pecunias
732 2271 829 2338 Verri
861 2272 1040 2356 dedissent3
1169 2287 1181 2310 ³

49 2360 116 2440 quod
142 2361 207 2426 erit
233 2360 327 2426 vobis
354 2361 425 2424 luca
452 2358 586 2443 clarius,
612 2360 746 2444 iudices,
774 2365 858 2445 tum,
885 2383 958 2426 cum
985 2382 1040 2426 eos
1134 2349 1163 2448 '⁸

24 2443 119 2528 *ipsos
138 2448 337 2535 produxero,
360 2447 417 2531 qui
439 2447 603 2513 dederunt.
644 2447 849 2535 Intellegetis
873 2449 959 2515 enim
981 2449 1041 2514 illa

48 2536 192 2621 tempora,
223 2557 282 2621 per
314 2557 409 2621 quae,
441 2557 515 2602 cum
547 2540 656 2600 essent
684 2537 719 2600 in
745 2537 904 2622 periculo,
934 2538 1040 2622 pretio

49 2641 102 2687 sese
131 2625 353 2708 redemerunt,
385 2645 458 2689 cum
490 2623 656 2690 societatis
688 2625 810 2690 tabulis
839 2647 907 2690 nou
934 2625 1040 2689 solum

49 2713 236 2798 consulibus,
261 2734 374 2778 rerum
403 2712 503 2778 etiam
529 2713 696 2778 mensibus
720 2713 899 2779 convenire.
940 2709 1022 2776 Cum
1043 2713 1093 2764 187

48 2794 95 2863 loc
104 2802 245 2868 maxims
259 2821 527 2887 cognosceremus
541 2804 574 2865 et
589 2801 682 2882 [iam]
697 2801 732 2866 in
746 2802 896 2866 manibus
909 2799 1041 2865 tabulas

25 2881 235 2973 ”haberemus
257 2892 390 2973 repente
408 2887 582 2972 aspicimus
603 2889 720 2954 lituras
744 2890 812 2954 eius
836 2887 924 2952 modi
948 2885 1041 2970 quasi

50 2977 190 3054 quaedam
217 2978 353 3043 vulnera
380 2976 568 3042 tabularum
594 2977 746 3043 recentia.
790 2974 910 3042 Statim
939 2973 1041 3059 suspi-

49 3060 123 3128 cione
154 3066 269 3130 offensi
301 3065 342 3130 ad
369 3086 407 3130 ea
434 3064 506 3150 ipsa
533 3065 666 3131 nomina
694 3064 804 3131 oculos
833 3063 1041 3146 animumque

48 3149 268 3218 transtulimus.
312 3151 418 3220 Erant
446 3157 595 3236 acceptae
623 3154 777 3237 pecuniae
805 3149 840 3216 O.
858 3149 1040 3216 Vnnnucro

49 3232 74 3298 ll.
90 3256 127 3323 n,
149 3242 195 3308 aio
213 3246 333 3325 tamen,
355 3245 393 3306 ut
415 3261 516 3325 usque
540 3241 582 3306 ad
604 3242 743 3306 alterum
761 3240 792 3305 R
814 3239 945 3305 litterae
969 3258 1041 3304 con-

25 3326 160 3394 llstarent
193 3331 356 3415 integrae,
391 3329 536 3413 reliquae
572 3349 684 3394 omnes
721 3332 831 3394 essent
861 3328 896 3392 in
927 3326 1041 3410 litura3

10 3449 11 3466 2
51 3411 186 3502 alterum,
215 3418 363 3500 tertium,
391 3420 558 3501 quartum,
585 3416 750 3500 permulta
777 3420 871 3483 erant
897 3414 1041 3481 eiusdem

50 3501 123 3566 modi
151 3506 291 3570 nomina.
341 3503 423 3572 (lum
456 3503 630 3569 manifesta
660 3525 713 3570 res
745 3505 910 3592 flagitiosa
939 3504 1040 3568 litura
