<?xml version="1.0" encoding="UTF-8"?>
<!DOCTYPE html PUBLIC "-//W3C//DTD XHTML 1.0 Transitional//EN"
    "http://www.w3.org/TR/xhtml1/DTD/xhtml1-transitional.dtd">
<html xmlns="http://www.w3.org/1999/xhtml" xml:lang="en" lang="en">
 <head>
  <title>
</title>
<meta http-equiv="Content-Type" content="text/html;charset=utf-8" />
  <meta name='ocr-system' content='tesseract 3.04.00' />
  <meta name='ocr-capabilities' content='ocr_page ocr_carea ocr_par ocr_line ocrx_word'/>
</head>
<body>
  <div class='ocr_page' id='page_1' title='image "./mtulliiciceroni02mlgoog/mtulliiciceroni02mlgoog_0529.png"; bbox 0 0 2404 3928; ppageno 0'>
   <div class='ocr_carea' id='block_1_1' title="bbox 151 160 861 232">
    <p class='ocr_par' dir='ltr' id='par_1_1' title="bbox 151 160 861 232">
     <span class='ocr_line' id='line_1_1' title="bbox 151 160 861 232; baseline -0.001 -14"><span class='ocrx_word' id='word_1_1' title='bbox 151 167 218 232; x_wconf 79' lang='lat'>420</span> <span class='ocrx_word' id='word_1_2' title='bbox 452 163 492 218; x_wconf 86' lang='lat' dir='ltr'>IN</span> <span class='ocrx_word' id='word_1_3' title='bbox 510 165 539 220; x_wconf 89' lang='lat' dir='ltr'>C.</span> <span class='ocrx_word' id='word_1_4' title='bbox 554 161 710 221; x_wconf 77' lang='lat' dir='ltr'><strong>VERREM</strong></span> <span class='ocrx_word' id='word_1_5' title='bbox 727 160 807 218; x_wconf 85' lang='lat' dir='ltr'>ACT.</span> <span class='ocrx_word' id='word_1_6' title='bbox 826 161 861 218; x_wconf 88' lang='lat' dir='ltr'>Il.</span> 
     </span>
    </p>
   </div>
   <div class='ocr_carea' id='block_1_2' title="bbox 98 283 1189 3580">
    <p class='ocr_par' dir='ltr' id='par_1_2' title="bbox 98 283 1189 3580">
     <span class='ocr_line' id='line_1_2' title="bbox 98 283 1153 386; baseline -0.006 -9"><span class='ocrx_word' id='word_1_7' title='bbox 98 283 143 349; x_wconf 73' lang='lat'>6⁰</span> <span class='ocrx_word' id='word_1_8' title='bbox 219 309 430 377; x_wconf 82' lang='lat' dir='ltr'>Acerbiorem</span> <span class='ocrx_word' id='word_1_9' title='bbox 457 309 557 374; x_wconf 87' lang='lat' dir='ltr'>etiam</span> <span class='ocrx_word' id='word_1_10' title='bbox 583 306 700 372; x_wconf 88' lang='lat' dir='ltr'>scitote</span> <span class='ocrx_word' id='word_1_11' title='bbox 726 327 798 372; x_wconf 90' lang='lat' dir='ltr'>esse</span> <span class='ocrx_word' id='word_1_12' title='bbox 824 305 1013 372; x_wconf 84' lang='lat' dir='ltr'>civitatibus</span> <span class='ocrx_word' id='word_1_13' title='bbox 1039 305 1153 386; x_wconf 79' lang='lat' dir='ltr'>falsam</span> 
     </span>
     <span class='ocr_line' id='line_1_3' title="bbox 99 361 1154 480; baseline -0.004 -15"><span class='ocrx_word' id='word_1_14' title='bbox 99 361 252 465; x_wconf 74' lang='lat' dir='ltr'>1³4istum</span> <span class='ocrx_word' id='word_1_15' title='bbox 283 404 317 464; x_wconf 91' lang='lat' dir='ltr'>et</span> <span class='ocrx_word' id='word_1_16' title='bbox 349 397 536 464; x_wconf 72' lang='lat' dir='ltr'><strong>simulatam</strong></span> <span class='ocrx_word' id='word_1_17' title='bbox 565 395 777 480; x_wconf 78' lang='lat' dir='ltr'><strong>emptionem,</strong></span> <span class='ocrx_word' id='word_1_18' title='bbox 808 415 908 480; x_wconf 87' lang='lat' dir='ltr'>quam</span> <span class='ocrx_word' id='word_1_19' title='bbox 936 395 964 462; x_wconf 90' lang='lat' dir='ltr'>si</span> <span class='ocrx_word' id='word_1_20' title='bbox 991 394 1048 480; x_wconf 88' lang='lat' dir='ltr'>qui</span> <span class='ocrx_word' id='word_1_21' title='bbox 1074 396 1154 461; x_wconf 81' lang='lat' dir='ltr'>clam</span> 
     </span>
     <span class='ocr_line' id='line_1_4' title="bbox 152 481 1154 574; baseline -0.004 -20"><span class='ocrx_word' id='word_1_22' title='bbox 152 489 314 574; x_wconf 77' lang='lat' dir='ltr'><strong>subripiat</strong></span> <span class='ocrx_word' id='word_1_23' title='bbox 335 492 392 552; x_wconf 89' lang='lat' dir='ltr'>aut</span> <span class='ocrx_word' id='word_1_24' title='bbox 415 485 531 570; x_wconf 86' lang='lat' dir='ltr'>eripiet</span> <span class='ocrx_word' id='word_1_25' title='bbox 544 485 663 570; x_wconf 85' lang='lat' dir='ltr'>palam</span> <span class='ocrx_word' id='word_1_26' title='bbox 684 488 785 568; x_wconf 84' lang='lat' dir='ltr'>atque</span> <span class='ocrx_word' id='word_1_27' title='bbox 807 483 945 550; x_wconf 83' lang='lat' dir='ltr'>auferat</span> <span class='ocrx_word' id='word_1_28' title='bbox 985 481 1073 550; x_wconf 88' lang='lat' dir='ltr'>Nam</span> <span class='ocrx_word' id='word_1_29' title='bbox 1094 489 1154 550; x_wconf 89' lang='lat' dir='ltr'>tur·</span> 
     </span>
     <span class='ocr_line' id='line_1_5' title="bbox 152 571 1155 663; baseline -0.005 -21"><span class='ocrx_word' id='word_1_30' title='bbox 152 577 333 663; x_wconf 88' lang='lat' dir='ltr'>pitudinem</span> <span class='ocrx_word' id='word_1_31' title='bbox 353 595 515 640; x_wconf 88' lang='lat' dir='ltr'>summam</span> <span class='ocrx_word' id='word_1_32' title='bbox 533 594 604 639; x_wconf 87' lang='lat' dir='ltr'>esse</span> <span class='ocrx_word' id='word_1_33' title='bbox 622 572 826 638; x_wconf 72' lang='lat' dir='ltr'>arbitrantur</span> <span class='ocrx_word' id='word_1_34' title='bbox 842 571 959 637; x_wconf 83' lang='lat' dir='ltr'>referri</span> <span class='ocrx_word' id='word_1_35' title='bbox 975 573 1012 637; x_wconf 89' lang='lat' dir='ltr'>in</span> <span class='ocrx_word' id='word_1_36' title='bbox 1029 572 1155 638; x_wconf 85' lang='lat' dir='ltr'>tabulas</span> 
     </span>
     <span class='ocr_line' id='line_1_6' title="bbox 153 661 1177 751; baseline -0.007 -20"><span class='ocrx_word' id='word_1_37' title='bbox 153 665 300 751; x_wconf 90' lang='lat' dir='ltr'>publicas</span> <span class='ocrx_word' id='word_1_38' title='bbox 327 664 433 749; x_wconf 86' lang='lat' dir='ltr'>pretio</span> <span class='ocrx_word' id='word_1_39' title='bbox 460 661 632 728; x_wconf 87' lang='lat' dir='ltr'>adductam</span> <span class='ocrx_word' id='word_1_40' title='bbox 654 661 835 744; x_wconf 82' lang='lat' dir='ltr'>civitatem,</span> <span class='ocrx_word' id='word_1_41' title='bbox 862 664 897 726; x_wconf 92' lang='lat' dir='ltr'>et</span> <span class='ocrx_word' id='word_1_42' title='bbox 918 661 1028 745; x_wconf 90' lang='lat' dir='ltr'>pretio</span> <span class='ocrx_word' id='word_1_43' title='bbox 1050 683 1177 747; x_wconf 75' lang='lat' dir='ltr'>parvas</span> 
     </span>
     <span class='ocr_line' id='line_1_7' title="bbox 153 748 1157 838; baseline -0.005 -19"><span class='ocrx_word' id='word_1_44' title='bbox 153 775 205 838; x_wconf 88' lang='lat' dir='ltr'>ea,</span> <span class='ocrx_word' id='word_1_45' title='bbox 242 773 324 837; x_wconf 86' lang='lat' dir='ltr'>quae</span> <span class='ocrx_word' id='word_1_46' title='bbox 359 751 537 835; x_wconf 72' lang='lat' dir='ltr'>accepisset</span> <span class='ocrx_word' id='word_1_47' title='bbox 569 771 588 815; x_wconf 87' lang='lat' dir='ltr'>a</span> <span class='ocrx_word' id='word_1_48' title='bbox 620 749 812 831; x_wconf 88' lang='lat' dir='ltr'>maioribus,</span> <span class='ocrx_word' id='word_1_49' title='bbox 847 748 1032 815; x_wconf 83' lang='lat' dir='ltr'>vendidisse</span> <span class='ocrx_word' id='word_1_50' title='bbox 1064 754 1157 834; x_wconf 89' lang='lat' dir='ltr'>atque</span> 
     </span>
     <span class='ocr_line' id='line_1_8' title="bbox 153 835 1156 906; baseline -0.002 0"><span class='ocrx_word' id='word_1_51' title='bbox 153 841 365 906; x_wconf 84' lang='lat' dir='ltr'>abalienasse.</span> <span class='ocrx_word' id='word_1_52' title='bbox 395 838 527 904; x_wconf 78' lang='lat' dir='ltr'>Etenim</span> <span class='ocrx_word' id='word_1_53' title='bbox 541 837 724 904; x_wconf 87' lang='lat' dir='ltr'>mirandum</span> <span class='ocrx_word' id='word_1_54' title='bbox 737 837 773 902; x_wconf 91' lang='lat' dir='ltr'>in</span> <span class='ocrx_word' id='word_1_55' title='bbox 785 837 919 902; x_wconf 89' lang='lat' dir='ltr'>modum</span> <span class='ocrx_word' id='word_1_56' title='bbox 934 835 1051 904; x_wconf 82' lang='lat' dir='ltr'>Graeci</span> <span class='ocrx_word' id='word_1_57' title='bbox 1065 840 1156 904; x_wconf 88' lang='lat' dir='ltr'>rebus</span> 
     </span>
     <span class='ocr_line' id='line_1_9' title="bbox 152 924 1156 1012; baseline -0.004 -18"><span class='ocrx_word' id='word_1_58' title='bbox 152 930 240 1012; x_wconf 89' lang='lat' dir='ltr'>istis,</span> <span class='ocrx_word' id='word_1_59' title='bbox 279 950 360 1012; x_wconf 89' lang='lat' dir='ltr'>quas</span> <span class='ocrx_word' id='word_1_60' title='bbox 396 924 456 993; x_wconf 86' lang='lat' dir='ltr'>nos</span> <span class='ocrx_word' id='word_1_61' title='bbox 492 927 743 1009; x_wconf 78' lang='lat' dir='ltr'>contemnimus,</span> <span class='ocrx_word' id='word_1_62' title='bbox 778 924 993 991; x_wconf 85' lang='lat' dir='ltr'>delectantur.</span> <span class='ocrx_word' id='word_1_63' title='bbox 1046 925 1156 1011; x_wconf 79' lang='lat' dir='ltr'>Itaque</span> 
     </span>
     <span class='ocr_line' id='line_1_10' title="bbox 153 1013 1156 1101; baseline -0.001 -19"><span class='ocrx_word' id='word_1_64' title='bbox 153 1018 292 1083; x_wconf 89' lang='lat' dir='ltr'>maiores</span> <span class='ocrx_word' id='word_1_65' title='bbox 310 1017 416 1082; x_wconf 87' lang='lat' dir='ltr'>nostri</span> <span class='ocrx_word' id='word_1_66' title='bbox 432 1015 527 1080; x_wconf 90' lang='lat' dir='ltr'>facile</span> <span class='ocrx_word' id='word_1_67' title='bbox 547 1015 757 1099; x_wconf 87' lang='lat' dir='ltr'>patiebantur</span> <span class='ocrx_word' id='word_1_68' title='bbox 778 1014 859 1079; x_wconf 88' lang='lat' dir='ltr'>haec</span> <span class='ocrx_word' id='word_1_69' title='bbox 882 1035 953 1079; x_wconf 92' lang='lat' dir='ltr'>esse</span> <span class='ocrx_word' id='word_1_70' title='bbox 977 1013 1065 1101; x_wconf 88' lang='lat' dir='ltr'>apud</span> <span class='ocrx_word' id='word_1_71' title='bbox 1086 1016 1156 1081; x_wconf 89' lang='lat' dir='ltr'>illos</span> 
     </span>
     <span class='ocr_line' id='line_1_11' title="bbox 154 1101 1188 1191; baseline -0.003 -19"><span class='ocrx_word' id='word_1_72' title='bbox 154 1129 252 1191; x_wconf 88' lang='lat' dir='ltr'>quam</span> <span class='ocrx_word' id='word_1_73' title='bbox 274 1105 430 1191; x_wconf 88' lang='lat' dir='ltr'>plurima,</span> <span class='ocrx_word' id='word_1_74' title='bbox 456 1104 542 1189; x_wconf 89' lang='lat' dir='ltr'>apud</span> <span class='ocrx_word' id='word_1_75' title='bbox 565 1103 683 1186; x_wconf 89' lang='lat' dir='ltr'>socios,</span> <span class='ocrx_word' id='word_1_76' title='bbox 705 1105 743 1167; x_wconf 92' lang='lat' dir='ltr'>ut</span> <span class='ocrx_word' id='word_1_77' title='bbox 764 1101 911 1186; x_wconf 89' lang='lat' dir='ltr'>imperio</span> <span class='ocrx_word' id='word_1_78' title='bbox 924 1107 1042 1171; x_wconf 87' lang='lat' dir='ltr'>nostro</span> <span class='ocrx_word' id='word_1_79' title='bbox 1066 1121 1188 1189; x_wconf 77' lang='lat' dir='ltr'>quamn</span> 
     </span>
     <span class='ocr_line' id='line_1_12' title="bbox 154 1191 1157 1276; baseline -0.001 -16"><span class='ocrx_word' id='word_1_80' title='bbox 154 1193 365 1262; x_wconf 90' lang='lat' dir='ltr'>ornatissumi</span> <span class='ocrx_word' id='word_1_81' title='bbox 387 1191 682 1275; x_wconf 88' lang='lat' dir='ltr'>florentissumique</span> <span class='ocrx_word' id='word_1_82' title='bbox 705 1194 825 1274; x_wconf 82' lang='lat' dir='ltr'>essent3</span> <span class='ocrx_word' id='word_1_83' title='bbox 853 1191 941 1276; x_wconf 89' lang='lat' dir='ltr'>apud</span> <span class='ocrx_word' id='word_1_84' title='bbox 964 1211 1021 1258; x_wconf 88' lang='lat' dir='ltr'>eos</span> <span class='ocrx_word' id='word_1_85' title='bbox 1043 1197 1157 1276; x_wconf 85' lang='lat' dir='ltr'>autem,</span> 
     </span>
     <span class='ocr_line' id='line_1_13' title="bbox 154 1277 1158 1369; baseline -0.002 -20"><span class='ocrx_word' id='word_1_86' title='bbox 154 1304 236 1368; x_wconf 87' lang='lat' dir='ltr'>quos</span> <span class='ocrx_word' id='word_1_87' title='bbox 253 1282 425 1369; x_wconf 79' lang='lat' dir='ltr'>uectigalis</span> <span class='ocrx_word' id='word_1_88' title='bbox 444 1284 501 1347; x_wconf 88' lang='lat' dir='ltr'>aut</span> <span class='ocrx_word' id='word_1_89' title='bbox 521 1279 749 1365; x_wconf 87' lang='lat' dir='ltr'>stipendiarios</span> <span class='ocrx_word' id='word_1_90' title='bbox 771 1277 926 1362; x_wconf 77' lang='lat' dir='ltr'>fecerant,</span> <span class='ocrx_word' id='word_1_91' title='bbox 948 1284 1063 1346; x_wconf 85' lang='lat' dir='ltr'>tamen</span> <span class='ocrx_word' id='word_1_92' title='bbox 1083 1282 1158 1347; x_wconf 88' lang='lat' dir='ltr'>haec</span> 
     </span>
     <span class='ocr_line' id='line_1_14' title="bbox 153 1367 1157 1456; baseline 0.001 -21"><span class='ocrx_word' id='word_1_93' title='bbox 153 1371 395 1456; x_wconf 79' lang='lat' dir='ltr'>relinquebant,</span> <span class='ocrx_word' id='word_1_94' title='bbox 416 1373 454 1434; x_wconf 92' lang='lat' dir='ltr'>ut</span> <span class='ocrx_word' id='word_1_95' title='bbox 476 1369 539 1453; x_wconf 94' lang='lat' dir='ltr'>illi,</span> <span class='ocrx_word' id='word_1_96' title='bbox 562 1367 679 1452; x_wconf 87' lang='lat' dir='ltr'>quibus</span> <span class='ocrx_word' id='word_1_97' title='bbox 701 1368 782 1433; x_wconf 89' lang='lat' dir='ltr'>haec</span> <span class='ocrx_word' id='word_1_98' title='bbox 804 1367 945 1434; x_wconf 85' lang='lat' dir='ltr'>iucunda</span> <span class='ocrx_word' id='word_1_99' title='bbox 968 1374 1058 1455; x_wconf 91' lang='lat' dir='ltr'>sunt,</span> <span class='ocrx_word' id='word_1_100' title='bbox 1082 1391 1157 1455; x_wconf 88' lang='lat' dir='ltr'>quae</span> 
     </span>
     <span class='ocr_line' id='line_1_15' title="bbox 153 1455 1156 1540; baseline 0 -18"><span class='ocrx_word' id='word_1_101' title='bbox 153 1459 248 1524; x_wconf 92' lang='lat' dir='ltr'>nobis</span> <span class='ocrx_word' id='word_1_102' title='bbox 276 1459 362 1524; x_wconf 78' lang='lat' dir='ltr'>levia</span> <span class='ocrx_word' id='word_1_103' title='bbox 388 1459 551 1540; x_wconf 84' lang='lat' dir='ltr'>videntur,</span> <span class='ocrx_word' id='word_1_104' title='bbox 578 1456 736 1521; x_wconf 87' lang='lat' dir='ltr'>haberent</span> <span class='ocrx_word' id='word_1_105' title='bbox 760 1455 841 1522; x_wconf 89' lang='lat' dir='ltr'>haec</span> <span class='ocrx_word' id='word_1_106' title='bbox 864 1456 1107 1524; x_wconf 87' lang='lat' dir='ltr'>oblectamenta</span> <span class='ocrx_word' id='word_1_107' title='bbox 1128 1465 1156 1523; x_wconf 86' lang='lat' dir='ltr'>et</span> 
     </span>
     <span class='ocr_line' id='line_1_16' title="bbox 102 1543 1187 1636; baseline -0.005 -26"><span class='ocrx_word' id='word_1_108' title='bbox 102 1559 154 1612; x_wconf 78' lang='lat'>1³5</span> <span class='ocrx_word' id='word_1_109' title='bbox 173 1547 294 1612; x_wconf 87' lang='lat' dir='ltr'>solacia</span> <span class='ocrx_word' id='word_1_110' title='bbox 314 1544 490 1610; x_wconf 87' lang='lat' dir='ltr'>servitutis.</span> <span class='ocrx_word' id='word_1_111' title='bbox 522 1544 605 1622; x_wconf 83' lang='lat' dir='ltr'>Quid</span> <span class='ocrx_word' id='word_1_112' title='bbox 624 1543 829 1610; x_wconf 81' lang='lat' dir='ltr'>arbitramini</span> <span class='ocrx_word' id='word_1_113' title='bbox 847 1543 1003 1636; x_wconf 79' lang='lat' dir='ltr'>Reginos,</span> <span class='ocrx_word' id='word_1_114' title='bbox 1023 1548 1080 1631; x_wconf 89' lang='lat' dir='ltr'>qui</span> <span class='ocrx_word' id='word_1_115' title='bbox 1096 1548 1187 1612; x_wconf 81' lang='lat' dir='ltr'>ieme</span> 
     </span>
     <span class='ocr_line' id='line_1_17' title="bbox 153 1633 1156 1718; baseline -0.001 -16"><span class='ocrx_word' id='word_1_116' title='bbox 153 1635 240 1702; x_wconf 87' lang='lat' dir='ltr'>cives</span> <span class='ocrx_word' id='word_1_117' title='bbox 258 1633 399 1700; x_wconf 88' lang='lat' dir='ltr'>Romani</span> <span class='ocrx_word' id='word_1_118' title='bbox 418 1637 503 1718; x_wconf 89' lang='lat' dir='ltr'>sunt,</span> <span class='ocrx_word' id='word_1_119' title='bbox 525 1654 649 1699; x_wconf 89' lang='lat' dir='ltr'>merere</span> <span class='ocrx_word' id='word_1_120' title='bbox 671 1633 765 1716; x_wconf 82' lang='lat' dir='ltr'>velle,</span> <span class='ocrx_word' id='word_1_121' title='bbox 787 1637 826 1698; x_wconf 91' lang='lat' dir='ltr'>ut</span> <span class='ocrx_word' id='word_1_122' title='bbox 849 1633 891 1698; x_wconf 91' lang='lat' dir='ltr'>ab</span> <span class='ocrx_word' id='word_1_123' title='bbox 914 1633 956 1698; x_wconf 89' lang='lat' dir='ltr'>iis</span> <span class='ocrx_word' id='word_1_124' title='bbox 980 1657 1156 1701; x_wconf 86' lang='lat' dir='ltr'>marmorea</span> 
     </span>
     <span class='ocr_line' id='line_1_18' title="bbox 151 1720 1156 1810; baseline -0.002 -20"><span class='ocrx_word' id='word_1_125' title='bbox 151 1721 264 1790; x_wconf 88' lang='lat' dir='ltr'>Venus</span> <span class='ocrx_word' id='word_1_126' title='bbox 290 1723 350 1789; x_wconf 90' lang='lat' dir='ltr'>ille</span> <span class='ocrx_word' id='word_1_127' title='bbox 377 1722 564 1788; x_wconf 81' lang='lat' dir='ltr'>auferatur?</span> <span class='ocrx_word' id='word_1_128' title='bbox 595 1721 674 1806; x_wconf 89' lang='lat' dir='ltr'>quid</span> <span class='ocrx_word' id='word_1_129' title='bbox 699 1720 907 1805; x_wconf 85' lang='lat' dir='ltr'>Tarentinos,</span> <span class='ocrx_word' id='word_1_130' title='bbox 934 1726 974 1787; x_wconf 86' lang='lat' dir='ltr'>nt</span> <span class='ocrx_word' id='word_1_131' title='bbox 995 1723 1156 1810; x_wconf 78' lang='lat' dir='ltr'>Europam</span> 
     </span>
     <span class='ocr_line' id='line_1_19' title="bbox 152 1808 1155 1895; baseline -0.002 -17"><span class='ocrx_word' id='word_1_132' title='bbox 152 1813 188 1878; x_wconf 92' lang='lat' dir='ltr'>in</span> <span class='ocrx_word' id='word_1_133' title='bbox 206 1817 301 1878; x_wconf 88' lang='lat' dir='ltr'>tauro</span> <span class='ocrx_word' id='word_1_134' title='bbox 320 1811 484 1894; x_wconf 85' lang='lat' dir='ltr'>amittant,</span> <span class='ocrx_word' id='word_1_135' title='bbox 506 1814 543 1875; x_wconf 90' lang='lat' dir='ltr'>ut</span> <span class='ocrx_word' id='word_1_136' title='bbox 562 1808 724 1895; x_wconf 78' lang='lat' dir='ltr'>Satyrum,</span> <span class='ocrx_word' id='word_1_137' title='bbox 748 1809 803 1894; x_wconf 89' lang='lat' dir='ltr'>qui</span> <span class='ocrx_word' id='word_1_138' title='bbox 822 1809 910 1894; x_wconf 89' lang='lat' dir='ltr'>apud</span> <span class='ocrx_word' id='word_1_139' title='bbox 926 1809 1004 1877; x_wconf 92' lang='lat' dir='ltr'>illos</span> <span class='ocrx_word' id='word_1_140' title='bbox 1028 1813 1064 1877; x_wconf 89' lang='lat' dir='ltr'>in</span> <span class='ocrx_word' id='word_1_141' title='bbox 1085 1813 1155 1878; x_wconf 86' lang='lat' dir='ltr'>aede</span> 
     </span>
     <span class='ocr_line' id='line_1_20' title="bbox 152 1897 1155 1987; baseline -0.001 -22"><span class='ocrx_word' id='word_1_142' title='bbox 152 1899 274 1967; x_wconf 85' lang='lat' dir='ltr'>Vestae</span> <span class='ocrx_word' id='word_1_143' title='bbox 297 1905 357 1986; x_wconf 88' lang='lat' dir='ltr'>est,</span> <span class='ocrx_word' id='word_1_144' title='bbox 379 1905 417 1966; x_wconf 92' lang='lat' dir='ltr'>ut</span> <span class='ocrx_word' id='word_1_145' title='bbox 438 1899 567 1966; x_wconf 78' lang='lat' dir='ltr'>cetera?</span> <span class='ocrx_word' id='word_1_146' title='bbox 591 1897 667 1983; x_wconf 91' lang='lat' dir='ltr'>quid</span> <span class='ocrx_word' id='word_1_147' title='bbox 689 1897 915 1984; x_wconf 81' lang='lat' dir='ltr'>Thespienses,</span> <span class='ocrx_word' id='word_1_148' title='bbox 937 1904 976 1964; x_wconf 91' lang='lat' dir='ltr'>ut</span> <span class='ocrx_word' id='word_1_149' title='bbox 994 1898 1155 1987; x_wconf 75' lang='lat' dir='ltr'>Cupidinis</span> 
     </span>
     <span class='ocr_line' id='line_1_21' title="bbox 153 1986 1189 2076; baseline -0.005 -22"><span class='ocrx_word' id='word_1_150' title='bbox 153 1989 285 2076; x_wconf 84' lang='lat' dir='ltr'>siguum</span> <span class='ocrx_word' id='word_1_151' title='bbox 308 1991 457 2075; x_wconf 91' lang='lat' dir='ltr'>[propter</span> <span class='ocrx_word' id='word_1_152' title='bbox 479 1987 566 2073; x_wconf 90' lang='lat' dir='ltr'>quod</span> <span class='ocrx_word' id='word_1_153' title='bbox 587 2005 687 2052; x_wconf 91' lang='lat' dir='ltr'>unum</span> <span class='ocrx_word' id='word_1_154' title='bbox 708 1986 858 2059; x_wconf 79' lang='lat' dir='ltr'>visuntur</span> <span class='ocrx_word' id='word_1_155' title='bbox 876 1986 1063 2074; x_wconf 58' lang='lat' dir='ltr'>Thespiae}</span> <span class='ocrx_word' id='word_1_156' title='bbox 1085 1989 1155 2074; x_wconf 89' lang='lat' dir='ltr'>quid</span> <span class='ocrx_word' id='word_1_157' title='bbox 1167 2005 1189 2048; x_wconf 78' lang='lat' dir='ltr'>a</span> 
     </span>
     <span class='ocr_line' id='line_1_22' title="bbox 153 2075 1154 2163; baseline 0.002 -21"><span class='ocrx_word' id='word_1_158' title='bbox 153 2076 299 2161; x_wconf 79' lang='lat' dir='ltr'>Cnidios,</span> <span class='ocrx_word' id='word_1_159' title='bbox 329 2081 368 2141; x_wconf 92' lang='lat' dir='ltr'>ut</span> <span class='ocrx_word' id='word_1_160' title='bbox 390 2075 550 2142; x_wconf 87' lang='lat' dir='ltr'>Venerem</span> <span class='ocrx_word' id='word_1_161' title='bbox 579 2095 808 2158; x_wconf 80' lang='lat' dir='ltr'>marmoream,</span> <span class='ocrx_word' id='word_1_162' title='bbox 839 2075 933 2159; x_wconf 86' lang='lat' dir='ltr'>quid,</span> <span class='ocrx_word' id='word_1_163' title='bbox 964 2081 1003 2142; x_wconf 88' lang='lat' dir='ltr'>ut</span> <span class='ocrx_word' id='word_1_164' title='bbox 1031 2078 1154 2163; x_wconf 82' lang='lat' dir='ltr'>pictam,</span> 
     </span>
     <span class='ocr_line' id='line_1_23' title="bbox 153 2162 1154 2250; baseline 0 -20"><span class='ocrx_word' id='word_1_165' title='bbox 153 2163 252 2247; x_wconf 90' lang='lat' dir='ltr'>Coos,</span> <span class='ocrx_word' id='word_1_166' title='bbox 276 2164 353 2248; x_wconf 89' lang='lat' dir='ltr'>quid</span> <span class='ocrx_word' id='word_1_167' title='bbox 371 2163 545 2248; x_wconf 79' lang='lat' dir='ltr'>Ephesios,</span> <span class='ocrx_word' id='word_1_168' title='bbox 567 2167 606 2229; x_wconf 91' lang='lat' dir='ltr'>ut</span> <span class='ocrx_word' id='word_1_169' title='bbox 617 2162 852 2246; x_wconf 81' lang='lat' dir='ltr'>Alexandrum,</span> <span class='ocrx_word' id='word_1_170' title='bbox 876 2163 954 2248; x_wconf 88' lang='lat' dir='ltr'>quid</span> <span class='ocrx_word' id='word_1_171' title='bbox 978 2164 1154 2250; x_wconf 76' lang='lat' dir='ltr'>Cyzicenos,</span> 
     </span>
     <span class='ocr_line' id='line_1_24' title="bbox 152 2249 1153 2339; baseline 0.002 -21"><span class='ocrx_word' id='word_1_172' title='bbox 152 2255 191 2318; x_wconf 93' lang='lat' dir='ltr'>ut</span> <span class='ocrx_word' id='word_1_173' title='bbox 213 2250 347 2317; x_wconf 85' lang='lat' dir='ltr'>Aiacem</span> <span class='ocrx_word' id='word_1_174' title='bbox 375 2256 432 2317; x_wconf 90' lang='lat' dir='ltr'>aut</span> <span class='ocrx_word' id='word_1_175' title='bbox 458 2249 618 2335; x_wconf 84' lang='lat' dir='ltr'>Medeam,</span> <span class='ocrx_word' id='word_1_176' title='bbox 651 2251 727 2336; x_wconf 89' lang='lat' dir='ltr'>quid</span> <span class='ocrx_word' id='word_1_177' title='bbox 755 2251 915 2336; x_wconf 88' lang='lat' dir='ltr'>Rhodios,</span> <span class='ocrx_word' id='word_1_178' title='bbox 942 2255 981 2318; x_wconf 91' lang='lat' dir='ltr'>ut</span> <span class='ocrx_word' id='word_1_179' title='bbox 1007 2254 1153 2339; x_wconf 85' lang='lat' dir='ltr'>Ialysum,</span> 
     </span>
     <span class='ocr_line' id='line_1_25' title="bbox 153 2339 1153 2425; baseline 0.004 -21"><span class='ocrx_word' id='word_1_180' title='bbox 153 2339 231 2425; x_wconf 89' lang='lat' dir='ltr'>quid</span> <span class='ocrx_word' id='word_1_181' title='bbox 245 2339 470 2424; x_wconf 82' lang='lat' dir='ltr'>Athenienses,</span> <span class='ocrx_word' id='word_1_182' title='bbox 487 2345 525 2406; x_wconf 91' lang='lat' dir='ltr'>ut</span> <span class='ocrx_word' id='word_1_183' title='bbox 539 2362 577 2406; x_wconf 86' lang='lat' dir='ltr'>ex</span> <span class='ocrx_word' id='word_1_184' title='bbox 590 2359 751 2405; x_wconf 89' lang='lat' dir='ltr'>marmore</span> <span class='ocrx_word' id='word_1_185' title='bbox 764 2339 916 2406; x_wconf 87' lang='lat' dir='ltr'>Iacchum</span> <span class='ocrx_word' id='word_1_186' title='bbox 936 2345 995 2407; x_wconf 90' lang='lat' dir='ltr'>aut</span> <span class='ocrx_word' id='word_1_187' title='bbox 1008 2343 1153 2408; x_wconf 82' lang='lat' dir='ltr'>Paralum</span> 
     </span>
     <span class='ocr_line' id='line_1_26' title="bbox 152 2427 1186 2518; baseline 0.001 -25"><span class='ocrx_word' id='word_1_188' title='bbox 152 2429 277 2516; x_wconf 88' lang='lat' dir='ltr'>pictum</span> <span class='ocrx_word' id='word_1_189' title='bbox 304 2433 362 2495; x_wconf 91' lang='lat' dir='ltr'>aut</span> <span class='ocrx_word' id='word_1_190' title='bbox 388 2450 427 2494; x_wconf 83' lang='lat' dir='ltr'>ex</span> <span class='ocrx_word' id='word_1_191' title='bbox 454 2450 528 2494; x_wconf 89' lang='lat' dir='ltr'>aere</span> <span class='ocrx_word' id='word_1_192' title='bbox 549 2427 694 2512; x_wconf 80' lang='lat' dir='ltr'>Myronis</span> <span class='ocrx_word' id='word_1_193' title='bbox 718 2427 891 2495; x_wconf 83' lang='lat' dir='ltr'>buculam?</span> <span class='ocrx_word' id='word_1_194' title='bbox 936 2428 1087 2518; x_wconf 80' lang='lat' dir='ltr'>Longum</span> <span class='ocrx_word' id='word_1_195' title='bbox 1108 2434 1186 2496; x_wconf 75' lang='lat' dir='ltr'>asts</span> 
     </span>
     <span class='ocr_line' id='line_1_27' title="bbox 153 2518 1151 2604; baseline -0.002 -20"><span class='ocrx_word' id='word_1_196' title='bbox 153 2519 187 2584; x_wconf 90' lang='lat' dir='ltr'>et</span> <span class='ocrx_word' id='word_1_197' title='bbox 213 2539 279 2583; x_wconf 91' lang='lat' dir='ltr'>non</span> <span class='ocrx_word' id='word_1_198' title='bbox 305 2518 522 2584; x_wconf 86' lang='lat' dir='ltr'>necessarium</span> <span class='ocrx_word' id='word_1_199' title='bbox 548 2537 814 2600; x_wconf 88' lang='lat' dir='ltr'>commemorare,</span> <span class='ocrx_word' id='word_1_200' title='bbox 842 2539 924 2602; x_wconf 85' lang='lat' dir='ltr'>quae</span> <span class='ocrx_word' id='word_1_201' title='bbox 953 2520 1041 2604; x_wconf 84' lang='lat' dir='ltr'>apud</span> <span class='ocrx_word' id='word_1_202' title='bbox 1067 2539 1151 2604; x_wconf 90' lang='lat' dir='ltr'>quos·</span> 
     </span>
     <span class='ocr_line' id='line_1_28' title="bbox 154 2602 1151 2691; baseline -0.001 -19"><span class='ocrx_word' id='word_1_203' title='bbox 154 2629 216 2691; x_wconf 89' lang='lat' dir='ltr'>que</span> <span class='ocrx_word' id='word_1_204' title='bbox 243 2605 376 2672; x_wconf 83' lang='lat' dir='ltr'>visenda</span> <span class='ocrx_word' id='word_1_205' title='bbox 403 2606 470 2671; x_wconf 88' lang='lat' dir='ltr'>sint</span> <span class='ocrx_word' id='word_1_206' title='bbox 496 2609 569 2672; x_wconf 90' lang='lat' dir='ltr'>tota</span> <span class='ocrx_word' id='word_1_207' title='bbox 591 2604 672 2670; x_wconf 85' lang='lat' dir='ltr'>Asia</span> <span class='ocrx_word' id='word_1_208' title='bbox 699 2608 732 2670; x_wconf 90' lang='lat' dir='ltr'>et</span> <span class='ocrx_word' id='word_1_209' title='bbox 759 2602 907 2690; x_wconf 72' lang='lat' dir='ltr'>Graecia,</span> <span class='ocrx_word' id='word_1_210' title='bbox 936 2628 1051 2674; x_wconf 80' lang='lat' dir='ltr'>verum</span> <span class='ocrx_word' id='word_1_211' title='bbox 1077 2605 1151 2673; x_wconf 89' lang='lat' dir='ltr'>illud</span> 
     </span>
     <span class='ocr_line' id='line_1_29' title="bbox 152 2693 1151 2780; baseline -0.001 -20"><span class='ocrx_word' id='word_1_212' title='bbox 152 2699 213 2779; x_wconf 88' lang='lat' dir='ltr'>est,</span> <span class='ocrx_word' id='word_1_213' title='bbox 231 2715 329 2780; x_wconf 86' lang='lat' dir='ltr'>quum</span> <span class='ocrx_word' id='word_1_214' title='bbox 345 2693 388 2759; x_wconf 93' lang='lat' dir='ltr'>ob</span> <span class='ocrx_word' id='word_1_215' title='bbox 407 2717 476 2759; x_wconf 90' lang='lat' dir='ltr'>rem</span> <span class='ocrx_word' id='word_1_216' title='bbox 494 2694 574 2760; x_wconf 86' lang='lat' dir='ltr'>haec</span> <span class='ocrx_word' id='word_1_217' title='bbox 592 2713 850 2778; x_wconf 88' lang='lat' dir='ltr'>commemorem,</span> <span class='ocrx_word' id='word_1_218' title='bbox 868 2694 954 2779; x_wconf 89' lang='lat' dir='ltr'>quod</span> <span class='ocrx_word' id='word_1_219' title='bbox 973 2697 1151 2764; x_wconf 84' lang='lat' dir='ltr'>existimare</span> 
     </span>
     <span class='ocr_line' id='line_1_30' title="bbox 152 2781 1151 2871; baseline -0.001 -22"><span class='ocrx_word' id='word_1_220' title='bbox 152 2785 215 2850; x_wconf 93' lang='lat' dir='ltr'>hoc</span> <span class='ocrx_word' id='word_1_221' title='bbox 236 2805 296 2848; x_wconf 83' lang='lat' dir='ltr'>uos</span> <span class='ocrx_word' id='word_1_222' title='bbox 318 2783 409 2867; x_wconf 83' lang='lat' dir='ltr'>uolo,</span> <span class='ocrx_word' id='word_1_223' title='bbox 432 2783 551 2848; x_wconf 91' lang='lat' dir='ltr'>mirum</span> <span class='ocrx_word' id='word_1_224' title='bbox 575 2781 734 2866; x_wconf 86' lang='lat' dir='ltr'>quendam</span> <span class='ocrx_word' id='word_1_225' title='bbox 757 2782 902 2848; x_wconf 89' lang='lat' dir='ltr'>dolorem</span> <span class='ocrx_word' id='word_1_226' title='bbox 926 2785 1072 2871; x_wconf 87' lang='lat' dir='ltr'>accipere</span> <span class='ocrx_word' id='word_1_227' title='bbox 1094 2805 1151 2868; x_wconf 90' lang='lat' dir='ltr'>eos,</span> 
     </span>
     <span class='ocr_line' id='line_1_31' title="bbox 100 2869 1181 2986; baseline -0.002 -48"><span class='ocrx_word' id='word_1_228' title='bbox 100 2893 193 2986; x_wconf 65' lang='lat'>61⁹¹</span> <span class='ocrx_word' id='word_1_229' title='bbox 216 2892 353 2956; x_wconf 89' lang='lat' dir='ltr'>quorum</span> <span class='ocrx_word' id='word_1_230' title='bbox 375 2871 511 2936; x_wconf 87' lang='lat' dir='ltr'>urbibus</span> <span class='ocrx_word' id='word_1_231' title='bbox 533 2869 853 2973; x_wconf 36' lang='lat' dir='ltr'>haec-auferantur..</span> <span class='ocrx_word' id='word_1_232' title='bbox 898 2959 905 2974; x_wconf 44' lang='lat'><strong>·</strong></span> <span class='ocrx_word' id='word_1_233' title='bbox 1161 2887 1181 2928; x_wconf 64' lang='grc' dir='ltr'>ω</span> 
     </span>
     <span class='ocr_line' id='line_1_32' title="bbox 102 2957 1150 3050; baseline 0.001 -26"><span class='ocrx_word' id='word_1_234' title='bbox 102 3000 152 3050; x_wconf 82' lang='lat'>136</span> <span class='ocrx_word' id='word_1_235' title='bbox 219 2960 329 3044; x_wconf 84' lang='lat' dir='ltr'>Atque</span> <span class='ocrx_word' id='word_1_236' title='bbox 351 2964 390 3025; x_wconf 91' lang='lat' dir='ltr'>ut</span> <span class='ocrx_word' id='word_1_237' title='bbox 408 2963 537 3026; x_wconf 87' lang='lat' dir='ltr'>ceteros</span> <span class='ocrx_word' id='word_1_238' title='bbox 561 2961 760 3044; x_wconf 78' lang='lat' dir='ltr'>omittamus,</span> <span class='ocrx_word' id='word_1_239' title='bbox 783 2959 924 3046; x_wconf 78' lang='lat' dir='ltr'>deipsis</span> <span class='ocrx_word' id='word_1_240' title='bbox 947 2957 1150 3046; x_wconf 80' lang='lat' dir='ltr'>Syracusanis</span> 
     </span>
     <span class='ocr_line' id='line_1_33' title="bbox 153 3047 1149 3136; baseline 0.001 -22"><span class='ocrx_word' id='word_1_241' title='bbox 153 3047 347 3134; x_wconf 85' lang='lat' dir='ltr'>cognoscite.</span> <span class='ocrx_word' id='word_1_242' title='bbox 387 3047 440 3114; x_wconf 84' lang='lat' dir='ltr'>Ad</span> <span class='ocrx_word' id='word_1_243' title='bbox 472 3069 553 3132; x_wconf 89' lang='lat' dir='ltr'>quos</span> <span class='ocrx_word' id='word_1_244' title='bbox 586 3068 648 3133; x_wconf 82' lang='lat' dir='ltr'>ego</span> <span class='ocrx_word' id='word_1_245' title='bbox 674 3069 747 3114; x_wconf 89' lang='lat' dir='ltr'>cum</span> <span class='ocrx_word' id='word_1_246' title='bbox 774 3048 947 3134; x_wconf 81' lang='lat' dir='ltr'>venissem,</span> <span class='ocrx_word' id='word_1_247' title='bbox 980 3050 1026 3116; x_wconf 90' lang='lat' dir='ltr'>sic</span> <span class='ocrx_word' id='word_1_248' title='bbox 1053 3051 1149 3136; x_wconf 89' lang='lat' dir='ltr'>prime</span> 
     </span>
     <span class='ocr_line' id='line_1_34' title="bbox 102 3135 1150 3226; baseline 0.004 -26"><span class='ocrx_word' id='word_1_249' title='bbox 102 3161 117 3180; x_wconf 54' lang='grc' dir='ltr'>ν</span> <span class='ocrx_word' id='word_1_250' title='bbox 153 3136 394 3220; x_wconf 85' lang='lat' dir='ltr'>existimabam,</span> <span class='ocrx_word' id='word_1_251' title='bbox 420 3139 458 3202; x_wconf 90' lang='lat' dir='ltr'>ut</span> <span class='ocrx_word' id='word_1_252' title='bbox 484 3136 609 3203; x_wconf 85' lang='lat' dir='ltr'>Romae</span> <span class='ocrx_word' id='word_1_253' title='bbox 637 3157 676 3201; x_wconf 87' lang='lat' dir='ltr'>ex</span> <span class='ocrx_word' id='word_1_254' title='bbox 702 3135 796 3202; x_wconf 89' lang='lat' dir='ltr'>istius</span> <span class='ocrx_word' id='word_1_255' title='bbox 824 3137 950 3204; x_wconf 87' lang='lat' dir='ltr'>amicis·</span> <span class='ocrx_word' id='word_1_256' title='bbox 964 3159 1150 3226; x_wconf 84' lang='lat' dir='ltr'>acceperam,</span> 
     </span>
     <span class='ocr_line' id='line_1_35' title="bbox 152 3223 1150 3311; baseline 0.002 -21"><span class='ocrx_word' id='word_1_257' title='bbox 152 3224 316 3290; x_wconf 82' lang='lat' dir='ltr'>civitatem</span> <span class='ocrx_word' id='word_1_258' title='bbox 345 3224 580 3310; x_wconf 82' lang='lat' dir='ltr'>Syracusanam</span> <span class='ocrx_word' id='word_1_259' title='bbox 611 3229 745 3311; x_wconf 86' lang='lat' dir='ltr'>propter</span> <span class='ocrx_word' id='word_1_260' title='bbox 772 3223 915 3292; x_wconf 87' lang='lat' dir='ltr'>Heraclii</span> <span class='ocrx_word' id='word_1_261' title='bbox 943 3226 1150 3294; x_wconf 88' lang='lat' dir='ltr'>hereditatem</span> 
     </span>
     <span class='ocr_line' id='line_1_36' title="bbox 151 3312 1179 3404; baseline 0.008 -32"><span class='ocrx_word' id='word_1_262' title='bbox 151 3331 219 3373; x_wconf 91' lang='lat' dir='ltr'>non</span> <span class='ocrx_word' id='word_1_263' title='bbox 232 3312 338 3375; x_wconf 91' lang='lat' dir='ltr'>minus</span> <span class='ocrx_word' id='word_1_264' title='bbox 353 3333 424 3378; x_wconf 87' lang='lat' dir='ltr'>esse</span> <span class='ocrx_word' id='word_1_265' title='bbox 437 3313 494 3377; x_wconf 89' lang='lat' dir='ltr'>isti</span> <span class='ocrx_word' id='word_1_266' title='bbox 503 3313 655 3398; x_wconf 84' lang='lat' dir='ltr'>amicam,</span> <span class='ocrx_word' id='word_1_267' title='bbox 672 3333 769 3398; x_wconf 87' lang='lat' dir='ltr'>quam</span> <span class='ocrx_word' id='word_1_268' title='bbox 782 3313 1011 3382; x_wconf 87' lang='lat' dir='ltr'>Mamertinam</span> <span class='ocrx_word' id='word_1_269' title='bbox 1023 3319 1179 3404; x_wconf 75' lang='lat' dir='ltr'>proptera</span> 
     </span>
     <span class='ocr_line' id='line_1_37' title="bbox 151 3395 1150 3490; baseline 0.013 -35"><span class='ocrx_word' id='word_1_270' title='bbox 151 3395 346 3478; x_wconf 87' lang='lat' dir='ltr'>praedarum</span> <span class='ocrx_word' id='word_1_271' title='bbox 365 3419 403 3464; x_wconf 88' lang='lat' dir='ltr'>ac</span> <span class='ocrx_word' id='word_1_272' title='bbox 424 3398 587 3466; x_wconf 79' lang='lat' dir='ltr'>furtorum</span> <span class='ocrx_word' id='word_1_273' title='bbox 610 3402 754 3468; x_wconf 88' lang='lat' dir='ltr'>omnium</span> <span class='ocrx_word' id='word_1_274' title='bbox 778 3404 980 3490; x_wconf 79' lang='lat' dir='ltr'>societatem3</span> <span class='ocrx_word' id='word_1_275' title='bbox 1004 3405 1100 3470; x_wconf 88' lang='lat' dir='ltr'>simul</span> <span class='ocrx_word' id='word_1_276' title='bbox 1122 3407 1150 3468; x_wconf 89' lang='lat' dir='ltr'>et</span> 
     </span>
     <span class='ocr_line' id='line_1_38' title="bbox 152 3478 1149 3580; baseline 0.016 -36"><span class='ocrx_word' id='word_1_277' title='bbox 152 3478 295 3561; x_wconf 87' lang='lat' dir='ltr'>verebar,</span> <span class='ocrx_word' id='word_1_278' title='bbox 318 3502 358 3546; x_wconf 89' lang='lat' dir='ltr'>ne</span> <span class='ocrx_word' id='word_1_279' title='bbox 377 3486 550 3554; x_wconf 88' lang='lat' dir='ltr'>muliorum</span> <span class='ocrx_word' id='word_1_280' title='bbox 568 3489 728 3556; x_wconf 88' lang='lat' dir='ltr'>nobilium</span> <span class='ocrx_word' id='word_1_281' title='bbox 747 3493 780 3556; x_wconf 90' lang='lat' dir='ltr'>et</span> <span class='ocrx_word' id='word_1_282' title='bbox 800 3489 1016 3559; x_wconf 84' lang='lat' dir='ltr'>formosarum</span> <span class='ocrx_word' id='word_1_283' title='bbox 1040 3493 1149 3580; x_wconf 79' lang='lat' dir='ltr'>gratia,</span> 
     </span>
    </p>
   </div>
   <div class='ocr_carea' id='block_1_3' title="bbox 0 0 1212 3928">
    <p class='ocr_par' dir='ltr' id='par_1_3' title="bbox 0 0 1212 3928">
     <span class='ocr_line' id='line_1_39' title="bbox 0 0 1212 3928; baseline 0 0"><span class='ocrx_word' id='word_1_284' title='bbox 0 0 1212 3928; x_wconf 95' lang='lat' dir='ltr'> </span> 
     </span>
    </p>
   </div>
  </div>
 </body>
</html>
