<?xml version="1.0" encoding="UTF-8"?>
<!DOCTYPE html PUBLIC "-//W3C//DTD XHTML 1.0 Transitional//EN"
    "http://www.w3.org/TR/xhtml1/DTD/xhtml1-transitional.dtd">
<html xmlns="http://www.w3.org/1999/xhtml" xml:lang="en" lang="en">
 <head>
  <title>
</title>
<meta http-equiv="Content-Type" content="text/html;charset=utf-8" />
  <meta name='ocr-system' content='tesseract 3.04.00' />
  <meta name='ocr-capabilities' content='ocr_page ocr_carea ocr_par ocr_line ocrx_word'/>
</head>
<body>
  <div class='ocr_page' id='page_1' title='image "./mtulliiciceroni02mlgoog/mtulliiciceroni02mlgoog_0193.png"; bbox 0 0 2386 3938; ppageno 0'>
   <div class='ocr_carea' id='block_1_1' title="bbox 133 161 962 228">
    <p class='ocr_par' dir='ltr' id='par_1_1' title="bbox 133 136 1188 278">
     <span class='ocr_line' id='line_1_1' title="bbox 133 161 962 228; baseline -0.001 -11"><span class='ocrx_word' id='word_1_1' title='bbox 133 163 175 228; x_wconf 75' lang='grc' dir='ltr'><strong>ιι</strong></span> <span class='ocrx_word' id='word_1_2' title='bbox 296 163 368 219; x_wconf 79' lang='lat' dir='ltr'><strong>rao</strong></span> <span class='ocrx_word' id='word_1_3' title='bbox 387 163 463 219; x_wconf 83' lang='lat' dir='ltr'><strong>sax.</strong></span> <span class='ocrx_word' id='word_1_4' title='bbox 482 162 613 218; x_wconf 81' lang='lat' dir='ltr'><strong>uosc1o</strong></span> <span class='ocrx_word' id='word_1_5' title='bbox 632 161 799 219; x_wconf 83' lang='grc' dir='ltr'><strong>ιιιιιιιιιο</strong></span> <span class='ocrx_word' id='word_1_6' title='bbox 817 161 962 218; x_wconf 80' lang='grc' dir='ltr'><strong>οιιιιο.</strong></span> 
     </span>
    </p>
   </div>
   <div class='ocr_carea' id='block_1_2' title="bbox 80 305 1192 3558">
    <p class='ocr_par' dir='ltr' id='par_1_2' title="bbox 80 305 1193 3557">
     <span class='ocr_line' id='line_1_2' title="bbox 132 305 1151 393; baseline -0.003 -20"><span class='ocrx_word' id='word_1_7' title='bbox 132 311 204 374; x_wconf 86' lang='lat' dir='ltr'><strong>erat</strong></span> <span class='ocrx_word' id='word_1_8' title='bbox 229 328 344 392; x_wconf 88' lang='lat' dir='ltr'><strong>rosque</strong></span> <span class='ocrx_word' id='word_1_9' title='bbox 370 307 443 392; x_wconf 89' lang='lat' dir='ltr'><strong>ipsa</strong></span> <span class='ocrx_word' id='word_1_10' title='bbox 474 307 626 393; x_wconf 78' lang='lat' dir='ltr'><strong>cogebat,</strong></span> <span class='ocrx_word' id='word_1_11' title='bbox 656 327 740 372; x_wconf 88' lang='lat' dir='ltr'><strong>unus</strong></span> <span class='ocrx_word' id='word_1_12' title='bbox 770 307 878 374; x_wconf 91' lang='lat' dir='ltr'><strong>omnia</strong></span> <span class='ocrx_word' id='word_1_13' title='bbox 909 310 1062 390; x_wconf 78' lang='lat' dir='ltr'><strong>poterst3</strong></span> <span class='ocrx_word' id='word_1_14' title='bbox 1095 305 1151 390; x_wconf 89' lang='lat' dir='ltr'><strong>qui</strong></span> 
     </span>
     <span class='ocr_line' id='line_1_3' title="bbox 131 395 1152 497; baseline -0.003 -36"><span class='ocrx_word' id='word_1_15' title='bbox 131 400 346 497; x_wconf 72' lang='lat' dir='ltr'><strong>posteaquam</strong></span> <span class='ocrx_word' id='word_1_16' title='bbox 377 395 590 482; x_wconf 80' lang='lat' dir='ltr'><strong>magistratus</strong></span> <span class='ocrx_word' id='word_1_17' title='bbox 624 395 746 460; x_wconf 85' lang='lat' dir='ltr'><strong>oreavit</strong></span> <span class='ocrx_word' id='word_1_18' title='bbox 778 396 932 480; x_wconf 79' lang='lat' dir='ltr'>legesque</span> <span class='ocrx_word' id='word_1_19' title='bbox 964 395 1152 474; x_wconf 74' lang='lat' dir='ltr'><strong>constituit</strong></span> 
     </span>
     <span class='ocr_line' id='line_1_4' title="bbox 133 481 1152 585; baseline 0 -37"><span class='ocrx_word' id='word_1_20' title='bbox 133 505 192 550; x_wconf 87' lang='lat' dir='ltr'><strong>sus</strong></span> <span class='ocrx_word' id='word_1_21' title='bbox 206 485 319 569; x_wconf 90' lang='lat' dir='ltr'><strong>ouique</strong></span> <span class='ocrx_word' id='word_1_22' title='bbox 332 483 518 585; x_wconf 72' lang='lat' dir='ltr'><strong>procuratio</strong></span> <span class='ocrx_word' id='word_1_23' title='bbox 533 483 774 582; x_wconf 68' lang='lat' dir='ltr'><strong>auctoritasque</strong></span> <span class='ocrx_word' id='word_1_24' title='bbox 788 487 838 548; x_wconf 90' lang='lat' dir='ltr'><strong>est</strong></span> <span class='ocrx_word' id='word_1_25' title='bbox 851 481 1019 548; x_wconf 83' lang='lat' dir='ltr'><strong>restituta</strong></span> <span class='ocrx_word' id='word_1_26' title='bbox 1042 481 1152 558; x_wconf 71' lang='lat' dir='ltr'><strong>Quam</strong></span> 
     </span>
     <span class='ocr_line' id='line_1_5' title="bbox 134 553 1189 672; baseline -0.003 -35"><span class='ocrx_word' id='word_1_27' title='bbox 134 572 163 638; x_wconf 91' lang='lat' dir='ltr'><strong>si</strong></span> <span class='ocrx_word' id='word_1_28' title='bbox 184 573 323 637; x_wconf 86' lang='lat' dir='ltr'><strong>retinere</strong></span> <span class='ocrx_word' id='word_1_29' title='bbox 345 571 504 636; x_wconf 87' lang='lat' dir='ltr'><strong>volunt&#39;&#39;</strong></span> <span class='ocrx_word' id='word_1_30' title='bbox 482 593 521 655; x_wconf 92' lang='grc' dir='ltr'><strong>ιι,</strong></span> <span class='ocrx_word' id='word_1_31' title='bbox 548 571 605 656; x_wconf 87' lang='lat' dir='ltr'><strong>qui</strong></span> <span class='ocrx_word' id='word_1_32' title='bbox 626 553 862 656; x_wconf 80' lang='lat' dir='ltr'><strong>reciperarunt,</strong></span> <span class='ocrx_word' id='word_1_33' title='bbox 888 570 924 635; x_wconf 94' lang='lat' dir='ltr'><strong>in</strong></span> <span class='ocrx_word' id='word_1_34' title='bbox 935 574 1189 672; x_wconf 85' lang='lat' dir='ltr'><strong>perpetuum</strong></span> 
     </span>
     <span class='ocr_line' id='line_1_6' title="bbox 99 657 1176 746; baseline -0.006 -20"><span class='ocrx_word' id='word_1_35' title='bbox 99 693 102 710; x_wconf 62' lang='grc' dir='ltr'><strong>ι</strong></span> <span class='ocrx_word' id='word_1_36' title='bbox 133 664 288 746; x_wconf 86' lang='lat' dir='ltr'><strong>poterunt</strong></span> <span class='ocrx_word' id='word_1_37' title='bbox 315 659 476 745; x_wconf 87' lang='lat' dir='ltr'><strong>optinere;</strong></span> <span class='ocrx_word' id='word_1_38' title='bbox 504 658 556 724; x_wconf 91' lang='lat' dir='ltr'><strong>sin</strong></span> <span class='ocrx_word' id='word_1_39' title='bbox 581 659 642 724; x_wconf 87' lang='lat' dir='ltr'><strong>has</strong></span> <span class='ocrx_word' id='word_1_40' title='bbox 669 659 782 724; x_wconf 88' lang='lat' dir='ltr'><strong>oaedes</strong></span> <span class='ocrx_word' id='word_1_41' title='bbox 810 663 843 724; x_wconf 90' lang='lat' dir='ltr'><strong>et</strong></span> <span class='ocrx_word' id='word_1_42' title='bbox 871 657 1008 743; x_wconf 88' lang='lat' dir='ltr'><strong>rapinas</strong></span> <span class='ocrx_word' id='word_1_43' title='bbox 1031 663 1069 724; x_wconf 88' lang='lat' dir='ltr'><strong>st</strong></span> <span class='ocrx_word' id='word_1_44' title='bbox 1092 659 1176 723; x_wconf 70' lang='lat' dir='ltr'><strong>host</strong></span> 
     </span>
     <span class='ocr_line' id='line_1_7' title="bbox 133 745 1154 848; baseline -0.001 -36"><span class='ocrx_word' id='word_1_45' title='bbox 133 752 245 814; x_wconf 82' lang='lat' dir='ltr'><strong>tentos</strong></span> <span class='ocrx_word' id='word_1_46' title='bbox 258 751 391 848; x_wconf 79' lang='lat' dir='ltr'><strong>temque</strong></span> <span class='ocrx_word' id='word_1_47' title='bbox 399 745 551 831; x_wconf 85' lang='lat' dir='ltr'><strong>profusos</strong></span> <span class='ocrx_word' id='word_1_48' title='bbox 561 750 710 848; x_wconf 81' lang='lat' dir='ltr'><strong>sumptus</strong></span> <span class='ocrx_word' id='word_1_49' title='bbox 720 751 778 812; x_wconf 88' lang='lat' dir='ltr'><strong>sut</strong></span> <span class='ocrx_word' id='word_1_50' title='bbox 785 746 906 812; x_wconf 77' lang='lat' dir='ltr'><strong>lassent</strong></span> <span class='ocrx_word' id='word_1_51' title='bbox 916 751 974 812; x_wconf 87' lang='lat' dir='ltr'><strong>aut</strong></span> <span class='ocrx_word' id='word_1_52' title='bbox 983 748 1154 833; x_wconf 80' lang='lat' dir='ltr'><strong>approbe-</strong></span> 
     </span>
     <span class='ocr_line' id='line_1_8' title="bbox 133 834 1153 936; baseline 0 -36"><span class='ocrx_word' id='word_1_53' title='bbox 133 837 273 901; x_wconf 88' lang='lat' dir='ltr'><strong>bunt-</strong></span> <span class='ocrx_word' id='word_1_54' title='bbox 285 835 386 900; x_wconf 90' lang='lat' dir='ltr'><strong>nolo</strong></span> <span class='ocrx_word' id='word_1_55' title='bbox 376 855 411 898; x_wconf 89' lang='grc' dir='ltr'><strong>ιιι</strong></span> <span class='ocrx_word' id='word_1_56' title='bbox 425 855 481 900; x_wconf 89' lang='lat' dir='ltr'><strong>eos</strong></span> <span class='ocrx_word' id='word_1_57' title='bbox 495 835 627 921; x_wconf 72' lang='lat' dir='ltr'><strong>gravia</strong></span> <span class='ocrx_word' id='word_1_58' title='bbox 642 835 814 919; x_wconf 84' lang='lat' dir='ltr'><strong>quiequam</strong></span> <span class='ocrx_word' id='word_1_59' title='bbox 826 855 867 900; x_wconf 91' lang='lat' dir='ltr'><strong>ne</strong></span> <span class='ocrx_word' id='word_1_60' title='bbox 881 834 1003 900; x_wconf 88' lang='lat' dir='ltr'><strong>ominis</strong></span> <span class='ocrx_word' id='word_1_61' title='bbox 1019 835 1153 936; x_wconf 80' lang='lat' dir='ltr'><strong>quidem¹</strong></span> 
     </span>
     <span class='ocr_line' id='line_1_9' title="bbox 134 921 1154 1007; baseline 0 -19"><span class='ocrx_word' id='word_1_62' title='bbox 134 943 232 988; x_wconf 86' lang='lat' dir='ltr'><strong>eausa</strong></span> <span class='ocrx_word' id='word_1_63' title='bbox 258 921 376 1007; x_wconf 85' lang='lat' dir='ltr'><strong>dicere,</strong></span> <span class='ocrx_word' id='word_1_64' title='bbox 402 942 503 988; x_wconf 89' lang='lat' dir='ltr'><strong>unum</strong></span> <span class='ocrx_word' id='word_1_65' title='bbox 525 922 588 988; x_wconf 89' lang='lat' dir='ltr'><strong>hoo</strong></span> <span class='ocrx_word' id='word_1_66' title='bbox 611 922 695 988; x_wconf 90' lang='lat' dir='ltr'><strong>dioo.</strong></span> <span class='ocrx_word' id='word_1_67' title='bbox 722 923 829 995; x_wconf 79' lang='lat' dir='ltr'><strong>nostri</strong></span> <span class='ocrx_word' id='word_1_68' title='bbox 850 922 909 987; x_wconf 91' lang='lat' dir='ltr'><strong>isti</strong></span> <span class='ocrx_word' id='word_1_69' title='bbox 930 923 1067 988; x_wconf 86' lang='lat' dir='ltr'><strong>nobiles</strong></span> <span class='ocrx_word' id='word_1_70' title='bbox 1091 923 1154 988; x_wconf 89' lang='lat' dir='ltr'><strong>nisi</strong></span> 
     </span>
     <span class='ocr_line' id='line_1_10' title="bbox 133 1009 1154 1097; baseline 0 -21"><span class='ocrx_word' id='word_1_71' title='bbox 133 1011 308 1097; x_wconf 76' lang='lat' dir='ltr'><strong>vigilantes</strong></span> <span class='ocrx_word' id='word_1_72' title='bbox 332 1014 366 1076; x_wconf 91' lang='lat' dir='ltr'><strong>et</strong></span> <span class='ocrx_word' id='word_1_73' title='bbox 388 1011 466 1076; x_wconf 91' lang='lat' dir='ltr'><strong>boni</strong></span> <span class='ocrx_word' id='word_1_74' title='bbox 488 1015 522 1075; x_wconf 87' lang='lat' dir='ltr'><strong>st</strong></span> <span class='ocrx_word' id='word_1_75' title='bbox 543 1010 646 1076; x_wconf 83' lang='lat' dir='ltr'><strong>fortes</strong></span> <span class='ocrx_word' id='word_1_76' title='bbox 670 1014 703 1075; x_wconf 91' lang='lat' dir='ltr'><strong>et</strong></span> <span class='ocrx_word' id='word_1_77' title='bbox 725 1009 949 1076; x_wconf 80' lang='lat' dir='ltr'><strong>misericordes</strong></span> <span class='ocrx_word' id='word_1_78' title='bbox 972 1012 1124 1094; x_wconf 89' lang='lat' dir='ltr'><strong>erunt,</strong></span> <span class='ocrx_word' id='word_1_79' title='bbox 1114 1011 1154 1075; x_wconf 85' lang='grc' dir='ltr'><strong>ιιι</strong></span> 
     </span>
     <span class='ocr_line' id='line_1_11' title="bbox 134 1097 1187 1184; baseline -0.003 -19"><span class='ocrx_word' id='word_1_80' title='bbox 134 1099 330 1184; x_wconf 92' lang='lat' dir='ltr'><strong>hominibus,</strong></span> <span class='ocrx_word' id='word_1_81' title='bbox 351 1100 387 1164; x_wconf 93' lang='lat' dir='ltr'><strong>in</strong></span> <span class='ocrx_word' id='word_1_82' title='bbox 410 1099 526 1183; x_wconf 88' lang='lat' dir='ltr'><strong>quibus</strong></span> <span class='ocrx_word' id='word_1_83' title='bbox 548 1097 629 1164; x_wconf 85' lang='lat' dir='ltr'><strong>haee</strong></span> <span class='ocrx_word' id='word_1_84' title='bbox 651 1103 756 1182; x_wconf 90' lang='lat' dir='ltr'><strong>erunt,</strong></span> <span class='ocrx_word' id='word_1_85' title='bbox 778 1101 970 1163; x_wconf 78' lang='lat' dir='ltr'><strong>ornamenta</strong></span> <span class='ocrx_word' id='word_1_86' title='bbox 994 1119 1059 1164; x_wconf 88' lang='lat' dir='ltr'><strong>sua</strong></span> <span class='ocrx_word' id='word_1_87' title='bbox 1078 1121 1187 1165; x_wconf 79' lang='lat' dir='ltr'><strong>cons</strong></span> 
     </span>
     <span class='ocr_line' id='line_1_12' title="bbox 83 1185 1153 1272; baseline -0.009 -11"><span class='ocrx_word' id='word_1_88' title='bbox 83 1211 135 1261; x_wconf 78' lang='lat'><strong>140</strong></span> <span class='ocrx_word' id='word_1_89' title='bbox 152 1188 269 1254; x_wconf 81' lang='lat' dir='ltr'><strong>cedant</strong></span> <span class='ocrx_word' id='word_1_90' title='bbox 298 1209 428 1254; x_wconf 85' lang='lat' dir='ltr'><strong>neeesse</strong></span> <span class='ocrx_word' id='word_1_91' title='bbox 456 1191 515 1252; x_wconf 89' lang='lat' dir='ltr'><strong>est.</strong></span> <span class='ocrx_word' id='word_1_92' title='bbox 560 1185 765 1271; x_wconf 75' lang='lat' dir='ltr'><strong>Quapropter</strong></span> <span class='ocrx_word' id='word_1_93' title='bbox 792 1185 941 1253; x_wconf 85' lang='lat' dir='ltr'><strong>desinant</strong></span> <span class='ocrx_word' id='word_1_94' title='bbox 970 1187 1153 1272; x_wconf 85' lang='lat' dir='ltr'><strong>aliquando</strong></span> 
     </span>
     <span class='ocr_line' id='line_1_13' title="bbox 135 1273 1155 1360; baseline -0.001 -19"><span class='ocrx_word' id='word_1_95' title='bbox 135 1275 240 1341; x_wconf 89' lang='lat' dir='ltr'><strong>dioers</strong></span> <span class='ocrx_word' id='word_1_96' title='bbox 260 1276 345 1341; x_wconf 80' lang='lat' dir='ltr'><strong>mele</strong></span> <span class='ocrx_word' id='word_1_97' title='bbox 364 1276 506 1360; x_wconf 86' lang='lat' dir='ltr'><strong>aliquem</strong></span> <span class='ocrx_word' id='word_1_98' title='bbox 524 1276 669 1340; x_wconf 85' lang='lat' dir='ltr'><strong>loentum</strong></span> <span class='ocrx_word' id='word_1_99' title='bbox 687 1295 767 1358; x_wconf 90' lang='lat' dir='ltr'><strong>esse,</strong></span> <span class='ocrx_word' id='word_1_100' title='bbox 790 1273 888 1358; x_wconf 89' lang='lat' dir='ltr'><strong>siqui</strong></span> <span class='ocrx_word' id='word_1_101' title='bbox 900 1295 976 1339; x_wconf 86' lang='lat' dir='ltr'><strong>vere</strong></span> <span class='ocrx_word' id='word_1_102' title='bbox 991 1297 1033 1340; x_wconf 86' lang='lat' dir='ltr'><strong>ae</strong></span> <span class='ocrx_word' id='word_1_103' title='bbox 1047 1275 1155 1340; x_wconf 89' lang='lat' dir='ltr'><strong>libere</strong></span> 
     </span>
     <span class='ocr_line' id='line_1_14' title="bbox 134 1359 1154 1450; baseline 0.001 -23"><span class='ocrx_word' id='word_1_104' title='bbox 134 1364 334 1429; x_wconf 86' lang='lat' dir='ltr'><strong>loeutust</strong></span> <span class='ocrx_word' id='word_1_105' title='bbox 281 1364 347 1447; x_wconf 92' lang='grc' dir='ltr'><strong>ιιι,</strong></span> <span class='ocrx_word' id='word_1_106' title='bbox 375 1362 525 1429; x_wconf 88' lang='lat' dir='ltr'><strong>desinant</strong></span> <span class='ocrx_word' id='word_1_107' title='bbox 551 1383 645 1428; x_wconf 89' lang='lat' dir='ltr'><strong>suam</strong></span> <span class='ocrx_word' id='word_1_108' title='bbox 674 1383 805 1427; x_wconf 87' lang='lat' dir='ltr'><strong>oausam</strong></span> <span class='ocrx_word' id='word_1_109' title='bbox 834 1383 907 1428; x_wconf 88' lang='lat' dir='ltr'><strong>oum</strong></span> <span class='ocrx_word' id='word_1_110' title='bbox 930 1359 1154 1450; x_wconf 79' lang='lat' dir='ltr'><strong>Chrysogono</strong></span> 
     </span>
     <span class='ocr_line' id='line_1_15' title="bbox 135 1414 1154 1536; baseline -0.001 -20"><span class='ocrx_word' id='word_1_111' title='bbox 135 1414 384 1534; x_wconf 69' lang='lat' dir='ltr'><strong>communionis,</strong></span> <span class='ocrx_word' id='word_1_112' title='bbox 411 1450 573 1535; x_wconf 83' lang='lat' dir='ltr'><strong>desinont,</strong></span> <span class='ocrx_word' id='word_1_113' title='bbox 600 1451 629 1515; x_wconf 91' lang='lat' dir='ltr'><strong>si</strong></span> <span class='ocrx_word' id='word_1_114' title='bbox 654 1450 713 1518; x_wconf 90' lang='lat' dir='ltr'><strong>ille</strong></span> <span class='ocrx_word' id='word_1_115' title='bbox 738 1453 845 1516; x_wconf 87' lang='lat' dir='ltr'><strong>laesus</strong></span> <span class='ocrx_word' id='word_1_116' title='bbox 873 1450 929 1536; x_wconf 90' lang='lat' dir='ltr'><strong>sit,</strong></span> <span class='ocrx_word' id='word_1_117' title='bbox 956 1450 997 1516; x_wconf 91' lang='lat' dir='ltr'><strong>de</strong></span> <span class='ocrx_word' id='word_1_118' title='bbox 1027 1471 1066 1516; x_wconf 86' lang='lat' dir='ltr'><strong>se</strong></span> <span class='ocrx_word' id='word_1_119' title='bbox 1098 1453 1154 1517; x_wconf 82' lang='lat' dir='ltr'><strong>ali-</strong></span> 
     </span>
     <span class='ocr_line' id='line_1_16' title="bbox 136 1500 1186 1623; baseline 0 -21"><span class='ocrx_word' id='word_1_120' title='bbox 136 1538 213 1621; x_wconf 92' lang='lat' dir='ltr'><strong>quid</strong></span> <span class='ocrx_word' id='word_1_121' title='bbox 235 1500 417 1602; x_wconf 77' lang='lat' dir='ltr'><strong>detraottim</strong></span> <span class='ocrx_word' id='word_1_122' title='bbox 440 1537 603 1622; x_wconf 77' lang='lat' dir='ltr'><strong>arbitrari,</strong></span> <span class='ocrx_word' id='word_1_123' title='bbox 625 1538 770 1623; x_wconf 83' lang='lat' dir='ltr'><strong>videant,</strong></span> <span class='ocrx_word' id='word_1_124' title='bbox 793 1559 834 1603; x_wconf 89' lang='lat' dir='ltr'><strong>ne</strong></span> <span class='ocrx_word' id='word_1_125' title='bbox 856 1541 952 1623; x_wconf 91' lang='lat' dir='ltr'><strong>turpe</strong></span> <span class='ocrx_word' id='word_1_126' title='bbox 975 1539 1152 1606; x_wconf 87' lang='lat' dir='ltr'><strong>miserum-</strong></span> <span class='ocrx_word' id='word_1_127' title='bbox 1167 1563 1186 1604; x_wconf 83' lang='grc' dir='ltr'><strong>ιι</strong></span> 
     </span>
     <span class='ocr_line' id='line_1_17' title="bbox 135 1625 1155 1712; baseline 0.005 -23"><span class='ocrx_word' id='word_1_128' title='bbox 135 1646 197 1710; x_wconf 86' lang='lat' dir='ltr'><strong>que</strong></span> <span class='ocrx_word' id='word_1_129' title='bbox 234 1625 278 1691; x_wconf 90' lang='lat' dir='ltr'><strong>sit</strong></span> <span class='ocrx_word' id='word_1_130' title='bbox 314 1646 382 1710; x_wconf 88' lang='lat' dir='ltr'><strong>eos,</strong></span> <span class='ocrx_word' id='word_1_131' title='bbox 418 1625 475 1709; x_wconf 90' lang='lat' dir='ltr'><strong>qui</strong></span> <span class='ocrx_word' id='word_1_132' title='bbox 510 1631 693 1710; x_wconf 84' lang='lat' dir='ltr'><strong>equestrem</strong></span> <span class='ocrx_word' id='word_1_133' title='bbox 730 1625 935 1709; x_wconf 84' lang='lat' dir='ltr'><strong>splendorem</strong></span> <span class='ocrx_word' id='word_1_134' title='bbox 970 1627 1044 1712; x_wconf 88' lang='lat' dir='ltr'><strong>pati</strong></span> <span class='ocrx_word' id='word_1_135' title='bbox 1085 1649 1155 1694; x_wconf 92' lang='lat' dir='ltr'><strong>non</strong></span> 
     </span>
     <span class='ocr_line' id='line_1_18' title="bbox 134 1713 1192 1801; baseline 0.002 -23"><span class='ocrx_word' id='word_1_136' title='bbox 134 1717 320 1798; x_wconf 88' lang='lat' dir='ltr'><strong>potuerunt,</strong></span> <span class='ocrx_word' id='word_1_137' title='bbox 343 1713 429 1779; x_wconf 80' lang='lat' dir='ltr'><strong>servi</strong></span> <span class='ocrx_word' id='word_1_138' title='bbox 450 1714 640 1798; x_wconf 84' lang='lat' dir='ltr'><strong>nequissimi</strong></span> <span class='ocrx_word' id='word_1_139' title='bbox 663 1714 915 1780; x_wconf 89' lang='lat' dir='ltr'><strong>dominationem</strong></span> <span class='ocrx_word' id='word_1_140' title='bbox 935 1714 1023 1780; x_wconf 88' lang='lat' dir='ltr'><strong>ferre</strong></span> <span class='ocrx_word' id='word_1_141' title='bbox 1040 1737 1154 1801; x_wconf 89' lang='lat' dir='ltr'><strong>posse.</strong></span> <span class='ocrx_word' id='word_1_142' title='bbox 1191 1769 1192 1772; x_wconf 63' lang='lat'><strong>,</strong></span> 
     </span>
     <span class='ocr_line' id='line_1_19' title="bbox 135 1799 1192 1888; baseline 0.001 -20"><span class='ocrx_word' id='word_1_143' title='bbox 135 1802 224 1880; x_wconf 83' lang='lat' dir='ltr'><strong>Quae</strong></span> <span class='ocrx_word' id='word_1_144' title='bbox 247 1802 377 1888; x_wconf 88' lang='lat' dir='ltr'><strong>quidem</strong></span> <span class='ocrx_word' id='word_1_145' title='bbox 400 1801 593 1887; x_wconf 83' lang='lat' dir='ltr'><strong>dominatio,</strong></span> <span class='ocrx_word' id='word_1_146' title='bbox 618 1803 754 1887; x_wconf 81' lang='lat' dir='ltr'><strong>iudices,</strong></span> <span class='ocrx_word' id='word_1_147' title='bbox 774 1802 809 1868; x_wconf 94' lang='lat' dir='ltr'><strong>in</strong></span> <span class='ocrx_word' id='word_1_148' title='bbox 831 1801 905 1869; x_wconf 86' lang='lat' dir='ltr'><strong>eliis</strong></span> <span class='ocrx_word' id='word_1_149' title='bbox 927 1803 1026 1868; x_wconf 86' lang='lat' dir='ltr'><strong>rebus</strong></span> <span class='ocrx_word' id='word_1_150' title='bbox 1049 1809 1156 1869; x_wconf 80' lang='lat' dir='ltr'><strong>antes</strong></span> <span class='ocrx_word' id='word_1_151' title='bbox 1191 1799 1192 1805; x_wconf 58' lang='lat'><em>&#39;</em></span> 
     </span>
     <span class='ocr_line' id='line_1_20' title="bbox 134 1890 1154 1978; baseline 0.001 -22"><span class='ocrx_word' id='word_1_152' title='bbox 134 1891 339 1975; x_wconf 80' lang='lat' dir='ltr'><strong>versabatur,</strong></span> <span class='ocrx_word' id='word_1_153' title='bbox 369 1912 456 1957; x_wconf 90' lang='lat' dir='ltr'><strong>nuno</strong></span> <span class='ocrx_word' id='word_1_154' title='bbox 485 1912 562 1958; x_wconf 77' lang='lat' dir='ltr'><strong>uero</strong></span> <span class='ocrx_word' id='word_1_155' title='bbox 595 1912 692 1974; x_wconf 80' lang='lat' dir='ltr'><strong>quam</strong></span> <span class='ocrx_word' id='word_1_156' title='bbox 724 1890 812 1956; x_wconf 84' lang='lat' dir='ltr'><strong>rium</strong></span> <span class='ocrx_word' id='word_1_157' title='bbox 846 1891 986 1958; x_wconf 87' lang='lat' dir='ltr'><strong>munitet</strong></span> <span class='ocrx_word' id='word_1_158' title='bbox 1020 1895 1054 1957; x_wconf 86' lang='lat' dir='ltr'><strong>et</strong></span> <span class='ocrx_word' id='word_1_159' title='bbox 1086 1914 1154 1978; x_wconf 91' lang='lat' dir='ltr'><strong>quo</strong></span> 
     </span>
     <span class='ocr_line' id='line_1_21' title="bbox 134 1978 1188 2064; baseline 0 -20"><span class='ocrx_word' id='word_1_160' title='bbox 134 1980 197 2044; x_wconf 91' lang='lat' dir='ltr'><strong>iter</strong></span> <span class='ocrx_word' id='word_1_161' title='bbox 220 1979 373 2062; x_wconf 87' lang='lat' dir='ltr'><strong>adfeotet,</strong></span> <span class='ocrx_word' id='word_1_162' title='bbox 402 1979 531 2061; x_wconf 88' lang='lat' dir='ltr'><strong>videtis,</strong></span> <span class='ocrx_word' id='word_1_163' title='bbox 557 1978 600 2044; x_wconf 90' lang='lat' dir='ltr'><strong>ad</strong></span> <span class='ocrx_word' id='word_1_164' title='bbox 620 1979 731 2061; x_wconf 87' lang='lat' dir='ltr'><strong>fidem,</strong></span> <span class='ocrx_word' id='word_1_165' title='bbox 759 1979 800 2044; x_wconf 87' lang='lat' dir='ltr'><strong>ad</strong></span> <span class='ocrx_word' id='word_1_166' title='bbox 822 1979 873 2044; x_wconf 88' lang='lat' dir='ltr'><strong>ius</strong></span> <span class='ocrx_word' id='word_1_167' title='bbox 895 1979 1085 2064; x_wconf 88' lang='lat' dir='ltr'><strong>iurandum,</strong></span> <span class='ocrx_word' id='word_1_168' title='bbox 1111 1981 1188 2046; x_wconf 76' lang='lat' dir='ltr'><strong>ads</strong></span> 
     </span>
     <span class='ocr_line' id='line_1_22' title="bbox 133 2029 1155 2167; baseline 0.005 -37"><span class='ocrx_word' id='word_1_169' title='bbox 133 2067 253 2132; x_wconf 81' lang='lat' dir='ltr'><strong>iudicia</strong></span> <span class='ocrx_word' id='word_1_170' title='bbox 279 2029 401 2149; x_wconf 70' lang='lat' dir='ltr'><strong>vestio,</strong></span> <span class='ocrx_word' id='word_1_171' title='bbox 429 2066 471 2131; x_wconf 87' lang='lat' dir='ltr'><strong>ad</strong></span> <span class='ocrx_word' id='word_1_172' title='bbox 497 2029 544 2149; x_wconf 80' lang='lat' dir='ltr'><strong>id,</strong></span> <span class='ocrx_word' id='word_1_173' title='bbox 572 2067 658 2150; x_wconf 89' lang='lat' dir='ltr'><strong>quod</strong></span> <span class='ocrx_word' id='word_1_174' title='bbox 685 2029 792 2132; x_wconf 85' lang='lat' dir='ltr'><strong>solum</strong></span> <span class='ocrx_word' id='word_1_175' title='bbox 817 2088 920 2167; x_wconf 87' lang='lat' dir='ltr'><strong>propo</strong></span> <span class='ocrx_word' id='word_1_176' title='bbox 948 2067 984 2132; x_wconf 90' lang='lat' dir='ltr'><strong>in</strong></span> <span class='ocrx_word' id='word_1_177' title='bbox 1012 2029 1155 2135; x_wconf 79' lang='lat' dir='ltr'><strong>civitate</strong></span> 
     </span>
     <span class='ocr_line' id='line_1_23' title="bbox 82 2116 1155 2240; baseline 0.002 -22"><span class='ocrx_word' id='word_1_178' title='bbox 82 2154 314 2224; x_wconf 82' lang='lat' dir='ltr'><strong>141sinosrum</strong></span> <span class='ocrx_word' id='word_1_179' title='bbox 336 2116 547 2236; x_wconf 80' lang='lat' dir='ltr'><strong>sariotumque</strong></span> <span class='ocrx_word' id='word_1_180' title='bbox 569 2158 682 2220; x_wconf 89' lang='lat' dir='ltr'><strong>restat.</strong></span> <span class='ocrx_word' id='word_1_181' title='bbox 713 2153 816 2219; x_wconf 80' lang='lat' dir='ltr'><strong>Hisne</strong></span> <span class='ocrx_word' id='word_1_182' title='bbox 839 2154 940 2219; x_wconf 90' lang='lat' dir='ltr'><strong>etiam</strong></span> <span class='ocrx_word' id='word_1_183' title='bbox 958 2176 1029 2220; x_wconf 86' lang='lat' dir='ltr'><strong>sese</strong></span> <span class='ocrx_word' id='word_1_184' title='bbox 1049 2161 1155 2240; x_wconf 88' lang='lat' dir='ltr'><strong>putat</strong></span> 
     </span>
     <span class='ocr_line' id='line_1_24' title="bbox 135 2239 1155 2341; baseline 0.004 -36"><span class='ocrx_word' id='word_1_185' title='bbox 135 2241 258 2325; x_wconf 91' lang='lat' dir='ltr'><strong>aliquid</strong></span> <span class='ocrx_word' id='word_1_186' title='bbox 289 2261 385 2324; x_wconf 89' lang='lat' dir='ltr'><strong>posse</strong></span> <span class='ocrx_word' id='word_1_187' title='bbox 417 2239 670 2341; x_wconf 80' lang='lat' dir='ltr'><strong>Chrysogonus?</strong></span> <span class='ocrx_word' id='word_1_188' title='bbox 704 2241 758 2307; x_wconf 89' lang='lat' dir='ltr'><strong>hio</strong></span> <span class='ocrx_word' id='word_1_189' title='bbox 792 2242 891 2307; x_wconf 89' lang='lat' dir='ltr'><strong>etiam</strong></span> <span class='ocrx_word' id='word_1_190' title='bbox 921 2246 1038 2328; x_wconf 88' lang='lat' dir='ltr'><strong>potens</strong></span> <span class='ocrx_word' id='word_1_191' title='bbox 1077 2265 1155 2309; x_wconf 84' lang='lat' dir='ltr'><strong>osse</strong></span> 
     </span>
     <span class='ocr_line' id='line_1_25' title="bbox 133 2327 1154 2415; baseline 0.003 -21"><span class='ocrx_word' id='word_1_192' title='bbox 133 2327 227 2394; x_wconf 77' lang='lat' dir='ltr'><strong>vult?</strong></span> <span class='ocrx_word' id='word_1_193' title='bbox 273 2327 300 2394; x_wconf 93' lang='grc' dir='ltr'><strong>Ο</strong></span> <span class='ocrx_word' id='word_1_194' title='bbox 327 2349 396 2395; x_wconf 87' lang='lat' dir='ltr'><strong>rem</strong></span> <span class='ocrx_word' id='word_1_195' title='bbox 424 2327 576 2394; x_wconf 88' lang='lat' dir='ltr'><strong>miseram</strong></span> <span class='ocrx_word' id='word_1_196' title='bbox 604 2334 702 2414; x_wconf 87' lang='lat' dir='ltr'><strong>atque</strong></span> <span class='ocrx_word' id='word_1_197' title='bbox 730 2329 892 2395; x_wconf 75' lang='lat' dir='ltr'><strong>acerbam!</strong></span> <span class='ocrx_word' id='word_1_198' title='bbox 938 2328 1052 2415; x_wconf 89' lang='lat' dir='ltr'><strong>Neque</strong></span> <span class='ocrx_word' id='word_1_199' title='bbox 1084 2354 1154 2397; x_wconf 73' lang='lat' dir='ltr'><strong>me</strong></span> 
     </span>
     <span class='ocr_line' id='line_1_26' title="bbox 133 2415 1190 2504; baseline 0.006 -24"><span class='ocrx_word' id='word_1_200' title='bbox 133 2415 280 2482; x_wconf 79' lang='lat' dir='ltr'><strong>hercules</strong></span> <span class='ocrx_word' id='word_1_201' title='bbox 299 2417 361 2483; x_wconf 90' lang='lat' dir='ltr'><strong>hoo</strong></span> <span class='ocrx_word' id='word_1_202' title='bbox 379 2416 511 2504; x_wconf 84' lang='lat' dir='ltr'><strong>indigne</strong></span> <span class='ocrx_word' id='word_1_203' title='bbox 528 2417 608 2502; x_wconf 81' lang='lat' dir='ltr'><strong>fero,</strong></span> <span class='ocrx_word' id='word_1_204' title='bbox 632 2417 717 2501; x_wconf 89' lang='lat' dir='ltr'><strong>quod</strong></span> <span class='ocrx_word' id='word_1_205' title='bbox 735 2437 915 2501; x_wconf 68' lang='lat' dir='ltr'><strong>versaque</strong></span> <span class='ocrx_word' id='word_1_206' title='bbox 933 2418 1012 2502; x_wconf 92' lang='lat' dir='ltr'><strong>quid</strong></span> <span class='ocrx_word' id='word_1_207' title='bbox 1029 2421 1153 2504; x_wconf 86' lang='lat' dir='ltr'><strong>possit,</strong></span> <span class='ocrx_word' id='word_1_208' title='bbox 1167 2445 1190 2486; x_wconf 81' lang='lat' dir='ltr'><strong>rs</strong></span> 
     </span>
     <span class='ocr_line' id='line_1_27' title="bbox 133 2505 1153 2593; baseline 0.005 -24"><span class='ocrx_word' id='word_1_209' title='bbox 133 2526 244 2570; x_wconf 82' lang='lat' dir='ltr'><strong>verum</strong></span> <span class='ocrx_word' id='word_1_210' title='bbox 268 2505 354 2590; x_wconf 92' lang='lat' dir='ltr'><strong>quod</strong></span> <span class='ocrx_word' id='word_1_211' title='bbox 376 2526 473 2577; x_wconf 88' lang='lat' dir='ltr'><strong>ausus</strong></span> <span class='ocrx_word' id='word_1_212' title='bbox 497 2509 556 2589; x_wconf 88' lang='lat' dir='ltr'><strong>est,</strong></span> <span class='ocrx_word' id='word_1_213' title='bbox 579 2505 665 2589; x_wconf 92' lang='lat' dir='ltr'><strong>quod</strong></span> <span class='ocrx_word' id='word_1_214' title='bbox 688 2506 832 2590; x_wconf 80' lang='lat' dir='ltr'><strong>speravit</strong></span> <span class='ocrx_word' id='word_1_215' title='bbox 853 2526 923 2571; x_wconf 87' lang='lat' dir='ltr'><strong>sose</strong></span> <span class='ocrx_word' id='word_1_216' title='bbox 945 2506 1034 2593; x_wconf 87' lang='lat' dir='ltr'><strong>apud</strong></span> <span class='ocrx_word' id='word_1_217' title='bbox 1059 2508 1153 2574; x_wconf 82' lang='lat' dir='ltr'><strong>tales</strong></span> 
     </span>
     <span class='ocr_line' id='line_1_28' title="bbox 133 2593 1153 2680; baseline -0.001 -18"><span class='ocrx_word' id='word_1_218' title='bbox 133 2593 221 2662; x_wconf 77' lang='lat' dir='ltr'><strong>viros</strong></span> <span class='ocrx_word' id='word_1_219' title='bbox 245 2593 368 2678; x_wconf 85' lang='lat' dir='ltr'><strong>aliquid</strong></span> <span class='ocrx_word' id='word_1_220' title='bbox 389 2615 485 2679; x_wconf 87' lang='lat' dir='ltr'><strong>posse</strong></span> <span class='ocrx_word' id='word_1_221' title='bbox 508 2594 550 2659; x_wconf 87' lang='lat' dir='ltr'><strong>ad</strong></span> <span class='ocrx_word' id='word_1_222' title='bbox 572 2593 746 2678; x_wconf 78' lang='lat' dir='ltr'><strong>pernitiem</strong></span> <span class='ocrx_word' id='word_1_223' title='bbox 768 2593 958 2678; x_wconf 82' lang='lat' dir='ltr'><strong>innocentis,</strong></span> <span class='ocrx_word' id='word_1_224' title='bbox 980 2595 1015 2660; x_wconf 95' lang='lat' dir='ltr'><strong>id</strong></span> <span class='ocrx_word' id='word_1_225' title='bbox 1035 2595 1153 2680; x_wconf 86' lang='lat' dir='ltr'><strong>ipsum</strong></span> 
     </span>
     <span class='ocr_line' id='line_1_29' title="bbox 80 2681 1152 2768; baseline 0 -20"><span class='ocrx_word' id='word_1_226' title='bbox 80 2695 123 2760; x_wconf 86' lang='lat'><strong>49</strong></span> <span class='ocrx_word' id='word_1_227' title='bbox 152 2703 277 2766; x_wconf 91' lang='lat' dir='ltr'><strong>queror.</strong></span> <span class='ocrx_word' id='word_1_228' title='bbox 329 2681 493 2748; x_wconf 81' lang='lat' dir='ltr'><strong>Idciro&#39;one</strong></span> <span class='ocrx_word' id='word_1_229' title='bbox 520 2687 708 2766; x_wconf 82' lang='lat' dir='ltr'><strong>experrecta</strong></span> <span class='ocrx_word' id='word_1_230' title='bbox 733 2681 889 2747; x_wconf 90' lang='lat' dir='ltr'><strong>nobilitas</strong></span> <span class='ocrx_word' id='word_1_231' title='bbox 917 2683 1018 2748; x_wconf 85' lang='lat' dir='ltr'><strong>armis</strong></span> <span class='ocrx_word' id='word_1_232' title='bbox 1045 2687 1152 2768; x_wconf 85' lang='lat' dir='ltr'><strong>etque</strong></span> 
     </span>
     <span class='ocr_line' id='line_1_30' title="bbox 132 2768 1151 2855; baseline 0.002 -19"><span class='ocrx_word' id='word_1_233' title='bbox 132 2770 220 2836; x_wconf 82' lang='lat' dir='ltr'><strong>ferro</strong></span> <span class='ocrx_word' id='word_1_234' title='bbox 242 2792 313 2837; x_wconf 87' lang='lat' dir='ltr'><strong>rem</strong></span> <span class='ocrx_word' id='word_1_235' title='bbox 335 2770 500 2855; x_wconf 88' lang='lat' dir='ltr'><strong>publioam</strong></span> <span class='ocrx_word' id='word_1_236' title='bbox 522 2768 725 2854; x_wconf 86' lang='lat' dir='ltr'><strong>reciperarit,</strong></span> <span class='ocrx_word' id='word_1_237' title='bbox 746 2774 784 2834; x_wconf 92' lang='lat' dir='ltr'><strong>ut</strong></span> <span class='ocrx_word' id='word_1_238' title='bbox 805 2770 846 2835; x_wconf 83' lang='lat' dir='ltr'><strong>ed</strong></span> <span class='ocrx_word' id='word_1_239' title='bbox 863 2769 1033 2838; x_wconf 86' lang='lat' dir='ltr'><strong>libidinem</strong></span> <span class='ocrx_word' id='word_1_240' title='bbox 1050 2791 1151 2837; x_wconf 83' lang='lat' dir='ltr'><strong>suam</strong></span> 
     </span>
     <span class='ocr_line' id='line_1_31' title="bbox 132 2856 1152 2944; baseline 0.003 -21"><span class='ocrx_word' id='word_1_241' title='bbox 132 2859 244 2925; x_wconf 86' lang='lat' dir='ltr'><strong>liberti</strong></span> <span class='ocrx_word' id='word_1_242' title='bbox 270 2858 452 2942; x_wconf 85' lang='lat' dir='ltr'><strong>servolique</strong></span> <span class='ocrx_word' id='word_1_243' title='bbox 477 2857 637 2924; x_wconf 86' lang='lat' dir='ltr'><strong>nobilium</strong></span> <span class='ocrx_word' id='word_1_244' title='bbox 664 2858 752 2923; x_wconf 89' lang='lat' dir='ltr'><strong>bona</strong></span> <span class='ocrx_word' id='word_1_245' title='bbox 777 2856 990 2944; x_wconf 76' lang='lat' dir='ltr'><strong>fortunasque</strong></span> <span class='ocrx_word' id='word_1_246' title='bbox 1010 2863 1152 2926; x_wconf 88' lang='lat' dir='ltr'><strong>nostras</strong></span> 
     </span>
     <span class='ocr_line' id='line_1_32' title="bbox 82 2944 1150 3032; baseline -0.002 -18"><span class='ocrx_word' id='word_1_247' title='bbox 82 2966 133 3015; x_wconf 82' lang='grc' dir='ltr'><strong>ιιι</strong></span> <span class='ocrx_word' id='word_1_248' title='bbox 151 2968 267 3013; x_wconf 84' lang='lat' dir='ltr'><strong>vexare</strong></span> <span class='ocrx_word' id='word_1_249' title='bbox 285 2945 441 3032; x_wconf 77' lang='lat' dir='ltr'><strong>possent?</strong></span> <span class='ocrx_word' id='word_1_250' title='bbox 478 2944 513 3011; x_wconf 84' lang='lat' dir='ltr'><strong>si</strong></span> <span class='ocrx_word' id='word_1_251' title='bbox 534 2945 569 3010; x_wconf 93' lang='lat' dir='ltr'><strong>id</strong></span> <span class='ocrx_word' id='word_1_252' title='bbox 591 2950 700 3011; x_wconf 80' lang='lat' dir='ltr'><strong>aetum</strong></span> <span class='ocrx_word' id='word_1_253' title='bbox 723 2949 783 3030; x_wconf 87' lang='lat' dir='ltr'><strong>est,</strong></span> <span class='ocrx_word' id='word_1_254' title='bbox 805 2944 912 3012; x_wconf 86' lang='lat' dir='ltr'><strong>fateor</strong></span> <span class='ocrx_word' id='word_1_255' title='bbox 933 2968 986 3012; x_wconf 92' lang='lat' dir='ltr'><strong>me</strong></span> <span class='ocrx_word' id='word_1_256' title='bbox 1009 2968 1150 3032; x_wconf 84' lang='lat' dir='ltr'><strong>errasse,</strong></span> 
     </span>
     <span class='ocr_line' id='line_1_33' title="bbox 133 3033 1152 3118; baseline 0 -18"><span class='ocrx_word' id='word_1_257' title='bbox 133 3034 189 3118; x_wconf 90' lang='lat' dir='ltr'><strong>qui</strong></span> <span class='ocrx_word' id='word_1_258' title='bbox 206 3035 268 3101; x_wconf 88' lang='lat' dir='ltr'><strong>hoo</strong></span> <span class='ocrx_word' id='word_1_259' title='bbox 290 3034 470 3114; x_wconf 89' lang='lat' dir='ltr'><strong>maluerim,</strong></span> <span class='ocrx_word' id='word_1_260' title='bbox 492 3033 598 3099; x_wconf 82' lang='lat' dir='ltr'><strong>fateor</strong></span> <span class='ocrx_word' id='word_1_261' title='bbox 619 3034 788 3118; x_wconf 86' lang='lat' dir='ltr'><strong>insanisse,</strong></span> <span class='ocrx_word' id='word_1_262' title='bbox 810 3034 866 3117; x_wconf 91' lang='lat' dir='ltr'><strong>qui</strong></span> <span class='ocrx_word' id='word_1_263' title='bbox 888 3056 961 3100; x_wconf 90' lang='lat' dir='ltr'><strong>oum</strong></span> <span class='ocrx_word' id='word_1_264' title='bbox 983 3035 1051 3101; x_wconf 92' lang='lat' dir='ltr'><strong>illis</strong></span> <span class='ocrx_word' id='word_1_265' title='bbox 1073 3057 1152 3102; x_wconf 89' lang='lat' dir='ltr'><strong>sen-</strong></span> 
     </span>
     <span class='ocr_line' id='line_1_34' title="bbox 133 3120 1148 3205; baseline 0.005 -20"><span class='ocrx_word' id='word_1_266' title='bbox 133 3121 245 3203; x_wconf 83' lang='lat' dir='ltr'><strong>serim3</strong></span> <span class='ocrx_word' id='word_1_267' title='bbox 281 3123 414 3188; x_wconf 88' lang='lat' dir='ltr'><strong>tametsi</strong></span> <span class='ocrx_word' id='word_1_268' title='bbox 444 3121 591 3205; x_wconf 87' lang='lat' dir='ltr'><strong>inermis,</strong></span> <span class='ocrx_word' id='word_1_269' title='bbox 626 3122 760 3205; x_wconf 91' lang='lat' dir='ltr'><strong>iudioes,</strong></span> <span class='ocrx_word' id='word_1_270' title='bbox 793 3121 888 3186; x_wconf 77' lang='lat' dir='ltr'><strong>sensi</strong></span> <span class='ocrx_word' id='word_1_271' title='bbox 943 3120 1003 3188; x_wconf 85' lang='lat' dir='ltr'><strong>Sin</strong></span> <span class='ocrx_word' id='word_1_272' title='bbox 1033 3127 1148 3190; x_wconf 81' lang='lat' dir='ltr'><strong>sutem</strong></span> 
     </span>
     <span class='ocr_line' id='line_1_35' title="bbox 131 3208 1147 3294; baseline 0.001 -18"><span class='ocrx_word' id='word_1_273' title='bbox 131 3208 270 3276; x_wconf 76' lang='lat' dir='ltr'><strong>uictoria</strong></span> <span class='ocrx_word' id='word_1_274' title='bbox 295 3211 455 3276; x_wconf 89' lang='lat' dir='ltr'><strong>nobilium</strong></span> <span class='ocrx_word' id='word_1_275' title='bbox 488 3214 680 3276; x_wconf 85' lang='lat' dir='ltr'><strong>ornamento</strong></span> <span class='ocrx_word' id='word_1_276' title='bbox 712 3213 810 3294; x_wconf 84' lang='lat' dir='ltr'><strong>atque</strong></span> <span class='ocrx_word' id='word_1_277' title='bbox 843 3211 1062 3277; x_wconf 85' lang='lat' dir='ltr'><strong>emolumento</strong></span> <span class='ocrx_word' id='word_1_278' title='bbox 1096 3213 1147 3277; x_wconf 89' lang='lat' dir='ltr'><strong>rei</strong></span> 
     </span>
     <span class='ocr_line' id='line_1_36' title="bbox 131 3296 1146 3383; baseline 0.003 -21"><span class='ocrx_word' id='word_1_279' title='bbox 131 3296 281 3381; x_wconf 87' lang='lat' dir='ltr'><strong>publicae</strong></span> <span class='ocrx_word' id='word_1_280' title='bbox 312 3299 497 3381; x_wconf 90' lang='lat' dir='ltr'><strong>populoque</strong></span> <span class='ocrx_word' id='word_1_281' title='bbox 529 3297 677 3364; x_wconf 87' lang='lat' dir='ltr'><strong>Romano</strong></span> <span class='ocrx_word' id='word_1_282' title='bbox 714 3297 810 3363; x_wconf 87' lang='lat' dir='ltr'><strong>debet</strong></span> <span class='ocrx_word' id='word_1_283' title='bbox 842 3318 926 3383; x_wconf 90' lang='lat' dir='ltr'><strong>esse,</strong></span> <span class='ocrx_word' id='word_1_284' title='bbox 962 3304 1034 3366; x_wconf 86' lang='lat' dir='ltr'><strong>turn</strong></span> <span class='ocrx_word' id='word_1_285' title='bbox 1064 3321 1146 3365; x_wconf 83' lang='lat' dir='ltr'><strong>vero</strong></span> 
     </span>
     <span class='ocr_line' id='line_1_37' title="bbox 132 3383 1147 3473; baseline 0.004 -25"><span class='ocrx_word' id='word_1_286' title='bbox 132 3383 256 3468; x_wconf 88' lang='lat' dir='ltr'><strong>optimo</strong></span> <span class='ocrx_word' id='word_1_287' title='bbox 271 3385 305 3446; x_wconf 91' lang='lat' dir='ltr'><strong>et</strong></span> <span class='ocrx_word' id='word_1_288' title='bbox 316 3384 520 3450; x_wconf 88' lang='lat' dir='ltr'><strong>nobilissimo</strong></span> <span class='ocrx_word' id='word_1_289' title='bbox 540 3385 654 3470; x_wconf 83' lang='lat' dir='ltr'><strong>cuique</strong></span> <span class='ocrx_word' id='word_1_290' title='bbox 672 3405 778 3451; x_wconf 88' lang='lat' dir='ltr'><strong>meam</strong></span> <span class='ocrx_word' id='word_1_291' title='bbox 797 3386 977 3452; x_wconf 83' lang='lat' dir='ltr'><strong>orationem</strong></span> <span class='ocrx_word' id='word_1_292' title='bbox 997 3387 1147 3473; x_wconf 77' lang='lat' dir='ltr'><strong>gratissi-</strong></span> 
     </span>
     <span class='ocr_line' id='line_1_38' title="bbox 131 3472 1147 3558; baseline 0.004 -22"><span class='ocrx_word' id='word_1_293' title='bbox 131 3491 219 3537; x_wconf 88' lang='lat' dir='ltr'><strong>mam</strong></span> <span class='ocrx_word' id='word_1_294' title='bbox 252 3490 322 3536; x_wconf 84' lang='lat' dir='ltr'><strong>esse</strong></span> <span class='ocrx_word' id='word_1_295' title='bbox 354 3475 491 3554; x_wconf 80' lang='lat' dir='ltr'><strong>oportet</strong></span> <span class='ocrx_word' id='word_1_296' title='bbox 543 3472 664 3548; x_wconf 84' lang='lat' dir='ltr'><strong>Quodsi</strong></span> <span class='ocrx_word' id='word_1_297' title='bbox 697 3473 769 3557; x_wconf 90' lang='lat' dir='ltr'><strong>quis</strong></span> <span class='ocrx_word' id='word_1_298' title='bbox 801 3477 865 3558; x_wconf 88' lang='lat' dir='ltr'><strong>est,</strong></span> <span class='ocrx_word' id='word_1_299' title='bbox 898 3475 954 3557; x_wconf 90' lang='lat' dir='ltr'><strong>qui</strong></span> <span class='ocrx_word' id='word_1_300' title='bbox 986 3478 1021 3539; x_wconf 89' lang='lat' dir='ltr'><strong>at</strong></span> <span class='ocrx_word' id='word_1_301' title='bbox 1047 3496 1082 3540; x_wconf 89' lang='lat' dir='ltr'><strong>se</strong></span> <span class='ocrx_word' id='word_1_302' title='bbox 1110 3479 1147 3540; x_wconf 88' lang='lat' dir='ltr'><strong>et</strong></span> 
     </span>
    </p>
   </div>
   <div class='ocr_carea' id='block_1_3' title="bbox 0 0 1198 3938">
    <p class='ocr_par' dir='ltr' id='par_1_3' title="bbox 0 0 1198 3938">
     <span class='ocr_line' id='line_1_39' title="bbox 0 0 1198 3938; baseline 0 1"><span class='ocrx_word' id='word_1_303' title='bbox 0 0 1198 3938; x_wconf 95' lang='lat' dir='ltr'><strong> </strong></span> 
     </span>
    </p>
   </div>
  </div>
 </body>
</html>
