2402 3936
286 152 355 208 ore.
373 153 414 208 111
445 153 522 209 one.
540 159 647 210 se-es
665 159 680 221 e
699 161 812 212 eossro.
986 158 1050 222 297

38 293 304 380 Agyrinensibus
331 295 499 380 iniciebat;
524 300 770 382 temperatores
796 320 832 365 se
855 299 895 365 de
917 301 1052 368 cohorte

38 405 99 448 sua
122 383 278 450 daturum
301 384 496 450 minabatur.
532 384 763 471 Agyrinenses,
785 387 849 452 viri
870 387 1052 475 fortissimi,

38 471 163 536 iudicio
175 493 211 537 se
229 493 384 558 passuros
403 493 474 540 csse
492 473 651 540 dicebant
687 474 862 560 Ingerebat
880 476 943 542 iste
955 477 1051 544 Arte-
1070 486 1103 536 69

38 559 206 626 midorurn
238 558 428 626 Cornelium
461 561 620 628 medicum
652 565 687 628 et
718 561 942 648 Tlepolemum
973 563 1052 632 Gor-

1 665 14 706 s
37 648 164 712 nulium
192 647 351 733 pictorem
374 649 498 715 eteius
521 649 610 716 modi
631 655 887 736 recuperatores,
914 675 1052 738 quornm

38 735 118 802 civis
147 736 318 802 Romnum
342 758 440 804 nemo
466 741 552 822 erat,
580 738 637 804 sed
664 737 780 804 Graeci
807 741 958 828 sacrilegi
985 743 1052 808 iam

38 824 167 907 pridem
200 824 357 909 improbi,
387 829 521 910 repente
547 823 700 894 Cornelii„
744 826 908 896 Videbunt
934 829 1052 915 Agyri·

39 934 171 997 nenses,
196 913 349 997 quiequid
371 913 412 978 ed
434 935 490 980 eos
513 919 755 999 recuperatores
778 917 944 1000 Apronius
966 924 1051 984 attu-

39 1001 149 1083 lisset,
179 1001 277 1066 illurn
304 1001 458 1086 perfacile
484 1003 713 1087 probaturum
744 1005 951 1072 condemnari
978 1028 1051 1072 oum

7 1089 137 1154 aistius
154 1088 281 1156 invidia
297 1089 497 1174 inferumque
514 1091 684 1156 malebant
703 1111 800 1175 quam
823 1091 865 1158 ad
887 1094 955 1158 eius
979 1115 1052 1160 eon·

39 1177 185 1242 dieionaa
211 1177 442 1262 pactionesque
467 1178 626 1244 accedere
667 1177 886 1264 Quaerebant,
912 1201 995 1264 quae
1016 1182 1052 1246 in

40 1265 140 1330 verbe
154 1268 399 1350 recuperatores
414 1266 517 1332 daret.
542 1266 786 1351 Respondebat:
804 1265 841 1334 S1
858 1285 973 1334 Paene
990 1287 1051 1334 sn·

40 1370 175 1420 meua
195 1369 351 1420 solcum
368 1369 525 1438 rueram
544 1376 610 1438 qua
626 1354 724 1439 inre,
747 1377 781 1420 se
798 1357 834 1420 in
850 1357 969 1422 iudieio
988 1357 1051 1423 die·

40 1445 152 1508 turum
175 1462 248 1506 esse
270 1441 388 1508 aiebat.
426 1441 645 1526 Iniqoimis
666 1444 789 1528 uerbis,
811 1444 1051 1530 inprobissimis

10 1549 29 1588 u
41 1528 325 1614 recuperatoribus
351 1529 531 1596 conflictari
556 1531 725 1596 malebant
751 1555 850 1616 quarn
878 1533 1052 1618 quicquam

41 1639 112 1682 enm
144 1617 212 1682 isto
242 1638 302 1684 sua
328 1618 499 1684 voluntate
526 1618 680 1684 decidere.
729 1618 964 1688 summittebat
988 1623 1052 1687 iste

42 1703 290 1788 Timarchidem
313 1705 369 1789 qui
386 1709 535 1772 moneret
553 1727 619 1790 eos,
641 1707 670 1770 si
693 1713 855 1792 saperent,
875 1713 913 1773 ut
935 1711 1051 1776 transi·

42 1798 164 1878 gerent.
211 1791 448 1879 Pernegabaut
493 1793 590 1869 ‘Quid
616 1793 717 1880 ergo?
752 1795 787 1860 in
817 1796 965 1882 singulos
994 1794 1051 1862 HS

11 1881 298 2036 „trebete
311 1881 1053 2048 tillutdifficlivltitlnllloli

43 2057 247 2124 damnatus
278 2057 378 2140 erit',
409 2059 529 2142 inquit,
561 2056 703 2144 ‘uirgis
736 2058 781 2124 ad
810 2080 941 2124 necem
969 2081 1050 2124 oae-

43 2145 173 2212 detur?
210 2145 274 2212 Hie
291 2145 342 2210 illi
360 2145 478 2212 flentes
493 2167 612 2232 rogere
631 2151 728 2230 atque
751 2165 846 2212 orare
868 2151 1051 2232 coeperunt,

42 2238 76 2298 ut
108 2255 188 2300 suas
220 2233 284 2298 sibi
314 2237 442 2320 segetes
468 2233 658 2318 fruetusque
685 2256 797 2300 omnes
825 2236 1052 2320 memoresque

43 2343 160 2388 raeues
176 2321 323 2407 Apronio
341 2321 471 2388 tradere
489 2323 612 2407 liceret,
633 2327 671 2388 ut
693 2323 759 2408 ipsi
780 2323 849 2389 sine
872 2323 1053 2408 ignominia

14 2411 258 2494 “molestiaque
281 2410 489 2476 discederent

105 2499 180 2566 Hac
197 2499 285 2584 lege,
305 2498 441 2582 iudices,
463 2498 614 2567 decumas
637 2498 783 2565 vendidit
795 2495 924 2566 Vener.
961 2499 1051 2566 Licet
1070 2513 1104 2562 uo

44 2586 128 2652 dieat
155 2585 367 2670 Hortensius,
399 2586 428 2652 si
458 2588 561 2670 volet,
593 2606 714 2672 magno
737 2586 873 2654 Verrem
900 2587 1051 2654 decumae

44 2675 235 2740 vendidisse.
290 2673 380 2740 Haeo
416 2674 562 2740 condicio
596 2673 660 2738 fuit
694 2674 761 2742 isto
795 2678 947 2759 praetore
982 2681 1104 2746 ara-29

44 2769 159 2846 torum,
178 2767 217 2830 ut
235 2784 343 2832 seeum
361 2762 528 2846 praeclare
546 2761 602 2848 agi
620 2762 866 2846 arbitrarentur,
885 2762 915 2827 ai
932 2781 1051 2829 vacuos

14 2865 138 2937 ⁸lagoos
166 2851 315 2935 Apronio
350 2850 478 2918 tradere
509 2849 636 2933 liceret3
671 2851 793 2916 multas
825 2851 911 2916 enim
942 2869 1051 2914 eruces

44 2939 228 3024 propositas
268 2939 409 3025 effugere
449 2938 634 3023 cupiebant.
686 2937 850 3013 Quantum
886 2935 1051 3020 Apronius

45 3028 195 3094 edidisset
235 3026 359 3111 deberi,
398 3029 529 3092 tantum
568 3047 608 3094 ex
648 3025 753 3092 edicto
794 3023 935 3092 dandum
972 3027 1051 3090 erat

44 3114 210 3198 Etiamne,
244 3115 273 3180 si
308 3115 384 3199 plus
414 3114 582 3196 edidisset,
617 3135 715 3198 quem
747 3117 905 3196 quantum
935 3117 1051 3178 netum

45 3205 148 3270 esset?
171 3201 293 3270 Etiam.
320 3203 391 3280 Quo
409 3202 528 3268 modo?
551 3201 767 3288 Magistratus
782 3199 930 3267 eristius
946 3201 1051 3266 edicto

16 3291 739 3463 '⁶reffirtlltlpltetl‘eterit?
756 3291 895 3442 Petit·
910 3287 1052 3442 dlii

47 3473 160 3554 arator,
184 3489 283 3552 quam
301 3467 504 3551 poposcisset
517 3427 706 3550 Aproniu's?
746 3463 904 3531 Iudicium
924 3465 959 3530 in
982 3487 1051 3530 ara·
