2404 3928
276 192 342 246 LIB.
362 191 401 247 IV
434 192 632 252 cmi-43
651 199 666 260 ξ
685 201 797 250 89-94.
976 197 1043 262 403

35 336 169 423 publice
190 333 335 424 legatum
353 335 495 402 Poleam.
534 335 639 413 Quid?
662 337 691 402 is
714 339 770 402 ubi
793 339 865 404 est?
906 339 1042 408 Praesto

36 430 93 511 est,
115 425 215 491 testis
234 428 293 491 est.
329 423 488 511 Proagori
506 423 638 511 Sopatri
656 425 754 492 iussu.
791 425 870 503 Quis
894 432 945 493 est
967 429 1043 497 hic‘?

36 515 95 591 Qui
129 514 174 580 ad
204 517 348 580 statuam
380 513 554 580 adstrictus
587 517 645 580 est.
690 513 796 591 Quid?
826 515 857 580 is
886 517 943 581 ubi
970 518 1042 582 est?

35 603 176 668 Vidistis
203 603 368 668 hominem
396 605 428 667 et
456 604 555 668 verba
582 603 651 668 eius
674 603 819 669 audistis.
859 603 1042 671 Demolien-

14 693 110 757 edum
145 692 272 757 curavit
301 689 487 758 Demetrius
519 691 803 778 gymnasiarchur‚
834 693 921 778 quod
951 693 980 758 is
1013 693 1043 760 ci

36 782 105 846 loeo
133 783 294 866 praeerat
339 777 444 855 Quid?
471 779 533 845 hoc
555 801 615 846 nos
639 779 796 846 dicimus?
836 779 942 848 Immo
965 804 1042 848 vero

37 870 102 953 ipse
123 889 290 954 praesens.
330 867 455 933 Romae
477 889 579 953 nuper
601 869 709 954 ipsum
731 869 833 935 istum
856 891 926 936 esse
948 872 1043 956 polli-

37 958 135 1023 citum
168 977 237 1022 sese
259 956 293 1021 id
316 956 445 1042 signum
468 957 587 1043 legatis
610 956 824 1042 redditurum,
853 959 881 1023 si
904 959 973 1024 eius
995 960 1043 1026 rei

38 1045 224 1111 testificatio
238 1044 410 1110 tolleretur
428 1049 621 1130 cautumque
640 1049 726 1110 esset
744 1067 799 1112 eos
818 1046 1043 1114 testimonium

6 1149 27 1190 ¹⁰
37 1157 99 1200 non
122 1155 198 1200 esse
221 1133 364 1198 dicturos
387 1169 429 1179 -
453 1133 535 1198 dixit
556 1133 618 1199 hoc
641 1133 726 1219 apud
748 1155 808 1199 vos
828 1133 987 1220 Zosippus
1010 1139 1043 1201 et

38 1222 208 1304 Ismenias,
240 1221 387 1288 homines
414 1221 610 1286 nobilissimi
638 1225 671 1287 et
697 1223 859 1307 principes
887 1222 1043 1307 Tyndari·

38 1314 131 1377 tanee
156 1310 310 1375 civitatis.
840 1351 842 1354 v

100 1398 212 1476 Quid?
235 1397 418 1484 Agrigento
431 1419 538 1463 nonne
553 1397 695 1464 eiusdem
709 1397 745 1463 P.
755 1397 914 1485 Scipionis
933 1422 1043 1466 monu·
1052 1373 1096 1500 ἐξ

40 1491 199 1570 mentum,
235 1485 365 1587 signum
392 1483 558 1571 Apollinis
589 1486 854 1572 pulcherrimum,
891 1488 980 1554 cuius
1009 1489 1044 1553 in

10 1575 161 1641 afemore
179 1575 300 1640 litteris
321 1573 455 1639 minutis
479 1575 641 1660 argenteis
664 1596 784 1640 nomen
804 1575 950 1660 Myronis
974 1581 1044 1643 erat

40 1665 240 1750 incomptum,
258 1685 297 1728 ex
307 1661 482 1746 Aesculapi
499 1662 745 1748 religiosissimo
763 1663 841 1729 feno
860 1665 1043 1731 sustulisti?

41 1751 128 1828 Quod
159 1750 300 1836 quidem,
332 1750 467 1835 iudices,
499 1773 571 1816 cum
598 1751 661 1816 iste
688 1751 774 1816 clam
799 1751 943 1836 fecisset,
971 1775 1043 1818 cum

42 1841 78 1905 ad
109 1862 207 1906 suum
240 1839 344 1904 scelus
376 1838 458 1904 illud
483 1839 672 1923 furtumque
698 1839 859 1904 nefarium
886 1840 1044 1924 quosdam

41 1929 187 1994 homines
214 1927 380 2012 improbos
407 1927 502 1993 duces
526 1931 623 2012 atque
647 1927 810 1992 adiutores
833 1926 1044 2013 adhibuisset,

13 2018 246 2082 ”vehementer
269 2019 433 2081 commota
456 2016 570 2080 civitas
594 2019 652 2081 est.
690 2013 764 2081 Uno
788 2015 874 2080 eninr
897 2019 1043 2100 tempore

43 2104 249 2192 Agrigentini
276 2104 467 2170 beneficium
490 2102 649 2188 Africani,
676 2103 868 2190 religionem
892 2104 1043 2170 domesti-

43 2215 121 2278 cam,
160 2196 387 2259 ornamentum
424 2192 527 2275 urbis,
563 2192 717 2258 indicium
748 2192 918 2278 victoriae,
953 2193 1044 2260 testi-

43 2282 185 2348 monium
217 2281 382 2346 societatis
415 2281 631 2365 requirebant.
679 2280 796 2366 Itaque
828 2281 869 2348 ab
902 2282 956 2367 iis,
987 2283 1044 2368 qui

43 2371 201 2455 principes
219 2369 254 2433 in
272 2391 311 2434 ea
329 2369 461 2435 civitate
480 2373 582 2454 erant,
604 2370 802 2454 praecipitur
820 2372 852 2433 et
875 2371 1044 2455 negotium

14 2458 133 2524 udscur
153 2453 380 2542 quaestoribus
400 2461 433 2522 et
451 2457 618 2540 aedilibus,
641 2459 678 2522 ut
694 2460 794 2522 noctu
817 2456 946 2542 vigilias
970 2479 1043 2545 age

43 2551 110 2612 rent
138 2546 181 2612 ad
209 2545 296 2612 aedis
324 2565 443 2611 sacras.
486 2544 618 2611 Etenim
644 2545 706 2610 iste
732 2543 907 2631 Agrigenti
933 2542 1043 2629 (credo

43 2640 172 2721 propter
185 2634 427 2700 multitudinem
441 2634 572 2699 illorum
585 2633 754 2698 hominum
768 2636 866 2718 etque
879 2633 1044 2719 uirtutem,

44 2726 72 2787 et
93 2723 182 2808 quod
204 2723 289 2788 cives
307 2721 456 2806 Romani,
478 2721 541 2788 viri
562 2721 665 2787 fortes
690 2725 787 2806 atque
810 2720 948 2806 honesti,
971 2743 1042 2806 per-

43 2813 133 2876 multi
162 2810 197 2875 in
221 2811 279 2877 illo
304 2810 423 2896 oppido
447 2810 710 2876 coniunctissimo
735 2810 842 2876 animo
866 2832 939 2875 cum
961 2810 1042 2895 ipsis

13 2897 265 2986 ”Agrigentinis
279 2900 392 2966 urunt
406 2919 444 2964 ac
456 2897 680 2985 negotientur)
694 2920 760 2964 non
774 2898 914 2963 audebat
931 2898 1042 2982 palam

43 3008 171 3068 poscere
185 2990 242 3052 aut
258 2988 383 3070 tollere,
402 3008 483 3071 quae
501 2987 683 3072 placebant.
715 2985 864 3051 Herculis
883 2987 1042 3070 templum
1061 2999 1096 3050 94

44 3079 89 3140 cst
108 3076 195 3162 apud
208 3074 443 3163 Agrigentinos
459 3097 526 3140 non
544 3075 641 3162 longe
661 3097 680 3140 a
697 3074 769 3140 foro
794 3096 870 3139 sane
894 3079 1042 3141 sanctum

45 3166 125 3248 apud
142 3165 219 3231 illos
238 3167 272 3230 et
293 3163 491 3250 religiosum.
527 3161 579 3228 Ibi
602 3166 652 3228 est
675 3183 713 3228 ex
736 3183 810 3228 aere
834 3163 1043 3231 simulacrum

43 3250 142 3335 ipsius
163 3253 323 3337 Herculis,
346 3275 410 3336 quo
432 3274 499 3318 non
520 3251 615 3318 facilc
638 3251 774 3316 dixerim
797 3250 968 3335 quicquam
992 3276 1044 3319 me

14 3340 159 3408 ³⁶vidisse
185 3341 352 3426 pulchrius
380 3339 531 3426 (tametsi
556 3362 622 3406 non
649 3342 718 3406 tam
746 3339 885 3405 multum
912 3341 948 3406 in
969 3342 1043 3407 istis

45 3429 136 3496 rebus
158 3429 330 3516 intellego,
354 3451 451 3514 quam
474 3429 579 3494 multa
601 3427 691 3513 vidi),
714 3449 816 3513 usque
839 3450 891 3513 eo,
913 3428 1044 3513 iudices,

45 3521 79 3579 ut
104 3519 220 3586 rictum
248 3519 316 3584 eius
345 3541 383 3584 ac
409 3520 554 3583 mentum
582 3517 679 3602 paulo
704 3516 748 3582 sit
771 3517 930 3602 attribue,
958 3516 1043 3601 quod

776 3619 831 3675 26*
