<?xml version="1.0" encoding="UTF-8"?>
<!DOCTYPE html PUBLIC "-//W3C//DTD XHTML 1.0 Transitional//EN"
    "http://www.w3.org/TR/xhtml1/DTD/xhtml1-transitional.dtd">
<html xmlns="http://www.w3.org/1999/xhtml" xml:lang="en" lang="en">
 <head>
  <title>
</title>
<meta http-equiv="Content-Type" content="text/html;charset=utf-8" />
  <meta name='ocr-system' content='tesseract 3.04.00' />
  <meta name='ocr-capabilities' content='ocr_page ocr_carea ocr_par ocr_line ocrx_word'/>
</head>
<body>
  <div class='ocr_page' id='page_1' title='image "./mtulliiciceroni02mlgoog/mtulliiciceroni02mlgoog_0416.png"; bbox 0 0 2402 3936; ppageno 0'>
   <div class='ocr_carea' id='block_1_1' title="bbox 284 177 1050 250">
    <p class='ocr_par' dir='ltr' id='par_1_1' title="bbox 284 177 1050 250">
     <span class='ocr_line' id='line_1_1' title="bbox 284 177 1050 250; baseline 0.016 -20"><span class='ocrx_word' id='word_1_1' title='bbox 284 177 352 231; x_wconf 73' lang='grc' dir='ltr'>ΗΒ,</span> <span class='ocrx_word' id='word_1_2' title='bbox 372 179 412 231; x_wconf 88' lang='lat'>111</span> <span class='ocrx_word' id='word_1_3' title='bbox 446 177 523 232; x_wconf 83' lang='lat' dir='ltr'>cAP.</span> <span class='ocrx_word' id='word_1_4' title='bbox 543 184 647 234; x_wconf 79' lang='lat' dir='ltr'>ss-cc</span> <span class='ocrx_word' id='word_1_5' title='bbox 666 185 681 244; x_wconf 76' lang='lat' dir='ltr'>s</span> <span class='ocrx_word' id='word_1_6' title='bbox 702 185 813 236; x_wconf 77' lang='lat' dir='ltr'>rs-as.</span> <span class='ocrx_word' id='word_1_7' title='bbox 985 183 1050 250; x_wconf 84' lang='lat'>303</span> 
     </span>
    </p>
   </div>
   <div class='ocr_carea' id='block_1_2' title="bbox 8 319 1104 3574">
    <p class='ocr_par' dir='ltr' id='par_1_2' title="bbox 8 319 1104 3574">
     <span class='ocr_line' id='line_1_2' title="bbox 39 319 1049 405; baseline 0.014 -23"><span class='ocrx_word' id='word_1_8' title='bbox 39 342 152 384; x_wconf 81' lang='lat' dir='ltr'>verum</span> <span class='ocrx_word' id='word_1_9' title='bbox 181 319 281 385; x_wconf 91' lang='lat' dir='ltr'>etiam</span> <span class='ocrx_word' id='word_1_10' title='bbox 306 325 442 405; x_wconf 89' lang='lat' dir='ltr'>propter</span> <span class='ocrx_word' id='word_1_11' title='bbox 464 321 624 388; x_wconf 85' lang='lat' dir='ltr'>maiorum</span> <span class='ocrx_word' id='word_1_12' title='bbox 645 322 922 392; x_wconf 87' lang='lat' dir='ltr'>incommodorum</span> <span class='ocrx_word' id='word_1_13' title='bbox 945 330 979 390; x_wconf 90' lang='lat' dir='ltr'>et</span> <span class='ocrx_word' id='word_1_14' title='bbox 1000 349 1049 396; x_wconf 87' lang='lat' dir='ltr'>ca·</span> 
     </span>
     <span class='ocr_line' id='line_1_3' title="bbox 39 409 1050 502; baseline 0.009 -30"><span class='ocrx_word' id='word_1_15' title='bbox 39 409 229 473; x_wconf 79' lang='lat' dir='ltr'>lumitatum</span> <span class='ocrx_word' id='word_1_16' title='bbox 268 413 393 474; x_wconf 88' lang='lat' dir='ltr'>metum</span> <span class='ocrx_word' id='word_1_17' title='bbox 434 410 565 494; x_wconf 86' lang='lat' dir='ltr'>publica</span> <span class='ocrx_word' id='word_1_18' title='bbox 602 411 795 475; x_wconf 84' lang='lat' dir='ltr'>auctoritate</span> <span class='ocrx_word' id='word_1_19' title='bbox 835 411 1050 502; x_wconf 78' lang='lat' dir='ltr'>defendimus3</span> 
     </span>
     <span class='ocr_line' id='line_1_4' title="bbox 39 496 1050 584; baseline 0.006 -24"><span class='ocrx_word' id='word_1_20' title='bbox 39 519 139 561; x_wconf 89' lang='lat' dir='ltr'>unum</span> <span class='ocrx_word' id='word_1_21' title='bbox 166 496 232 560; x_wconf 89' lang='lat' dir='ltr'>hoc</span> <span class='ocrx_word' id='word_1_22' title='bbox 257 497 384 581; x_wconf 87' lang='lat' dir='ltr'>aliquot</span> <span class='ocrx_word' id='word_1_23' title='bbox 412 502 544 564; x_wconf 89' lang='lat' dir='ltr'>senatus</span> <span class='ocrx_word' id='word_1_24' title='bbox 567 498 723 565; x_wconf 89' lang='lat' dir='ltr'>consultis</span> <span class='ocrx_word' id='word_1_25' title='bbox 745 500 976 584; x_wconf 85' lang='lat' dir='ltr'>reprehensum</span> <span class='ocrx_word' id='word_1_26' title='bbox 1000 502 1050 566; x_wconf 90' lang='lat' dir='ltr'>de·</span> 
     </span>
     <span class='ocr_line' id='line_1_5' title="bbox 39 585 1051 674; baseline 0.005 -25"><span class='ocrx_word' id='word_1_27' title='bbox 39 588 228 668; x_wconf 90' lang='lat' dir='ltr'>cretumque</span> <span class='ocrx_word' id='word_1_28' title='bbox 257 588 321 667; x_wconf 78' lang='lat' dir='ltr'>est,</span> <span class='ocrx_word' id='word_1_29' title='bbox 348 588 399 668; x_wconf 91' lang='lat' dir='ltr'>ut,</span> <span class='ocrx_word' id='word_1_30' title='bbox 427 585 544 669; x_wconf 90' lang='lat' dir='ltr'>quibus</span> <span class='ocrx_word' id='word_1_31' title='bbox 570 586 627 650; x_wconf 89' lang='lat' dir='ltr'>ille</span> <span class='ocrx_word' id='word_1_32' title='bbox 655 587 694 653; x_wconf 89' lang='lat' dir='ltr'>de</span> <span class='ocrx_word' id='word_1_33' title='bbox 719 587 825 672; x_wconf 88' lang='lat' dir='ltr'>capite</span> <span class='ocrx_word' id='word_1_34' title='bbox 848 588 1051 674; x_wconf 74' lang='lat' dir='ltr'>dempsisset,</span> 
     </span>
     <span class='ocr_line' id='line_1_6' title="bbox 17 672 1051 758; baseline 0.01 -26"><span class='ocrx_word' id='word_1_35' title='bbox 17 674 60 736; x_wconf 78' lang='lat' dir='ltr'>cii</span> <span class='ocrx_word' id='word_1_36' title='bbox 77 672 236 758; x_wconf 81' lang='lat' dir='ltr'>pecunius</span> <span class='ocrx_word' id='word_1_37' title='bbox 254 673 469 738; x_wconf 72' lang='lat' dir='ltr'>iri-aerarium</span> <span class='ocrx_word' id='word_1_38' title='bbox 487 673 653 740; x_wconf 78' lang='lat' dir='ltr'><strong>referrent.</strong></span> <span class='ocrx_word' id='word_1_39' title='bbox 689 673 813 740; x_wconf 80' lang='lat' dir='ltr'>Statuit</span> <span class='ocrx_word' id='word_1_40' title='bbox 832 681 965 746; x_wconf 87' lang='lat' dir='ltr'>senatus</span> <span class='ocrx_word' id='word_1_41' title='bbox 988 678 1051 743; x_wconf 91' lang='lat' dir='ltr'>hoc</span> 
     </span>
     <span class='ocr_line' id='line_1_7' title="bbox 38 761 1051 848; baseline 0.005 -22"><span class='ocrx_word' id='word_1_42' title='bbox 38 783 75 826; x_wconf 89' lang='lat' dir='ltr'>ne</span> <span class='ocrx_word' id='word_1_43' title='bbox 94 761 151 826; x_wconf 91' lang='lat' dir='ltr'>illi</span> <span class='ocrx_word' id='word_1_44' title='bbox 175 761 307 844; x_wconf 89' lang='lat' dir='ltr'>quidem</span> <span class='ocrx_word' id='word_1_45' title='bbox 330 783 401 826; x_wconf 90' lang='lat' dir='ltr'>esse</span> <span class='ocrx_word' id='word_1_46' title='bbox 420 761 563 845; x_wconf 89' lang='lat' dir='ltr'>licitum,</span> <span class='ocrx_word' id='word_1_47' title='bbox 586 762 638 827; x_wconf 89' lang='lat' dir='ltr'>eui</span> <span class='ocrx_word' id='word_1_48' title='bbox 660 769 864 832; x_wconf 74' lang='lat' dir='ltr'>concesserat</span> <span class='ocrx_word' id='word_1_49' title='bbox 886 767 1007 848; x_wconf 81' lang='lat' dir='ltr'>omnia,</span> <span class='ocrx_word' id='word_1_50' title='bbox 1030 788 1051 831; x_wconf 91' lang='lat' dir='ltr'>a</span> 
     </span>
     <span class='ocr_line' id='line_1_8' title="bbox 38 847 1050 934; baseline 0.004 -20"><span class='ocrx_word' id='word_1_51' title='bbox 38 850 161 934; x_wconf 86' lang='lat' dir='ltr'>populo</span> <span class='ocrx_word' id='word_1_52' title='bbox 189 847 353 914; x_wconf 83' lang='lat' dir='ltr'>factarum</span> <span class='ocrx_word' id='word_1_53' title='bbox 381 851 665 934; x_wconf 85' lang='lat' dir='ltr'>quaesitarumque</span> <span class='ocrx_word' id='word_1_54' title='bbox 692 873 800 920; x_wconf 90' lang='lat' dir='ltr'>rerum</span> <span class='ocrx_word' id='word_1_55' title='bbox 824 873 967 920; x_wconf 81' lang='lat' dir='ltr'>summas</span> <span class='ocrx_word' id='word_1_56' title='bbox 989 854 1050 918; x_wconf 88' lang='lat' dir='ltr'>im-</span> 
     </span>
     <span class='ocr_line' id='line_1_9' title="bbox 39 933 1102 1026; baseline 0.001 -24"><span class='ocrx_word' id='word_1_57' title='bbox 39 939 196 1003; x_wconf 87' lang='lat' dir='ltr'>minuere.</span> <span class='ocrx_word' id='word_1_58' title='bbox 244 937 344 1004; x_wconf 89' lang='lat' dir='ltr'>Illum</span> <span class='ocrx_word' id='word_1_59' title='bbox 380 938 459 1003; x_wconf 83' lang='lat' dir='ltr'>viris</span> <span class='ocrx_word' id='word_1_60' title='bbox 482 938 685 1004; x_wconf 86' lang='lat' dir='ltr'>·fortissimis</span> <span class='ocrx_word' id='word_1_61' title='bbox 721 940 904 1006; x_wconf 84' lang='lat' dir='ltr'>iudicarunt</span> <span class='ocrx_word' id='word_1_62' title='bbox 938 933 1048 1026; x_wconf 79' lang='lat' dir='ltr'>petias</span> <span class='ocrx_word' id='word_1_63' title='bbox 1068 955 1102 1006; x_wconf 78' lang='lat' dir='ltr'>aa</span> 
     </span>
     <span class='ocr_line' id='line_1_10' title="bbox 39 1025 1050 1114; baseline 0.004 -24"><span class='ocrx_word' id='word_1_64' title='bbox 39 1025 219 1109; x_wconf 73' lang='lat' dir='ltr'>conscripti</span> <span class='ocrx_word' id='word_1_65' title='bbox 230 1026 397 1090; x_wconf 89' lang='lat' dir='ltr'>remittere</span> <span class='ocrx_word' id='word_1_66' title='bbox 412 1026 450 1090; x_wconf 93' lang='lat' dir='ltr'>de</span> <span class='ocrx_word' id='word_1_67' title='bbox 470 1047 596 1092; x_wconf 85' lang='lat' dir='ltr'>summa</span> <span class='ocrx_word' id='word_1_68' title='bbox 613 1049 679 1094; x_wconf 90' lang='lat' dir='ltr'>non</span> <span class='ocrx_word' id='word_1_69' title='bbox 696 1028 851 1111; x_wconf 87' lang='lat' dir='ltr'>potuisse,</span> <span class='ocrx_word' id='word_1_70' title='bbox 869 1033 906 1114; x_wconf 84' lang='lat' dir='ltr'>te</span> <span class='ocrx_word' id='word_1_71' title='bbox 921 1031 1050 1094; x_wconf 89' lang='lat' dir='ltr'>mulieri</span> 
     </span>
     <span class='ocr_line' id='line_1_11' title="bbox 8 1113 1050 1200; baseline 0.007 -25"><span class='ocrx_word' id='word_1_72' title='bbox 8 1113 234 1178; x_wconf 82' lang='lat' dir='ltr'>ndeterrimse</span> <span class='ocrx_word' id='word_1_73' title='bbox 252 1117 340 1178; x_wconf 87' lang='lat' dir='ltr'>recte</span> <span class='ocrx_word' id='word_1_74' title='bbox 358 1114 521 1178; x_wconf 79' lang='lat' dir='ltr'>remisisse</span> <span class='ocrx_word' id='word_1_75' title='bbox 545 1113 710 1180; x_wconf 70' lang='lat' dir='ltr'>senatores</span> <span class='ocrx_word' id='word_1_76' title='bbox 731 1115 943 1182; x_wconf 82' lang='lat' dir='ltr'>iudicabunt?</span> <span class='ocrx_word' id='word_1_77' title='bbox 980 1116 1050 1200; x_wconf 88' lang='lat' dir='ltr'>Ille,</span> 
     </span>
     <span class='ocr_line' id='line_1_12' title="bbox 40 1201 1050 1288; baseline 0.003 -23"><span class='ocrx_word' id='word_1_78' title='bbox 40 1203 75 1266; x_wconf 90' lang='lat' dir='ltr'>de</span> <span class='ocrx_word' id='word_1_79' title='bbox 108 1223 176 1285; x_wconf 88' lang='lat' dir='ltr'>quo</span> <span class='ocrx_word' id='word_1_80' title='bbox 205 1202 312 1287; x_wconf 82' lang='lat' dir='ltr'>legem</span> <span class='ocrx_word' id='word_1_81' title='bbox 339 1204 478 1286; x_wconf 84' lang='lat' dir='ltr'>populus</span> <span class='ocrx_word' id='word_1_82' title='bbox 505 1201 672 1269; x_wconf 87' lang='lat' dir='ltr'>Romanus</span> <span class='ocrx_word' id='word_1_83' title='bbox 699 1203 851 1286; x_wconf 88' lang='lat' dir='ltr'>iusserat,</span> <span class='ocrx_word' id='word_1_84' title='bbox 883 1208 920 1269; x_wconf 93' lang='lat' dir='ltr'>ut</span> <span class='ocrx_word' id='word_1_85' title='bbox 947 1204 1050 1288; x_wconf 89' lang='lat' dir='ltr'>ipsius</span> 
     </span>
     <span class='ocr_line' id='line_1_13' title="bbox 40 1289 1050 1376; baseline 0.005 -22"><span class='ocrx_word' id='word_1_86' title='bbox 40 1291 194 1355; x_wconf 83' lang='lat' dir='ltr'>voluntas</span> <span class='ocrx_word' id='word_1_87' title='bbox 223 1289 252 1353; x_wconf 92' lang='lat' dir='ltr'>ei</span> <span class='ocrx_word' id='word_1_88' title='bbox 279 1294 392 1374; x_wconf 87' lang='lat' dir='ltr'>posset</span> <span class='ocrx_word' id='word_1_89' title='bbox 419 1311 489 1356; x_wconf 88' lang='lat' dir='ltr'>esse</span> <span class='ocrx_word' id='word_1_90' title='bbox 515 1292 685 1376; x_wconf 79' lang='lat' dir='ltr'>prolege,</span> <span class='ocrx_word' id='word_1_91' title='bbox 713 1292 879 1360; x_wconf 88' lang='lat' dir='ltr'>tamenin</span> <span class='ocrx_word' id='word_1_92' title='bbox 901 1291 964 1357; x_wconf 74' lang='lat' dir='ltr'>lece</span> <span class='ocrx_word' id='word_1_93' title='bbox 986 1315 1050 1359; x_wconf 68' lang='lat' dir='ltr'>emo</span> 
     </span>
     <span class='ocr_line' id='line_1_14' title="bbox 41 1378 1051 1464; baseline 0.005 -22"><span class='ocrx_word' id='word_1_94' title='bbox 41 1399 158 1463; x_wconf 80' lang='lat' dir='ltr'>genere</span> <span class='ocrx_word' id='word_1_95' title='bbox 176 1381 325 1442; x_wconf 80' lang='lat' dir='ltr'>ueterum</span> <span class='ocrx_word' id='word_1_96' title='bbox 343 1378 501 1463; x_wconf 82' lang='lat' dir='ltr'>religione</span> <span class='ocrx_word' id='word_1_97' title='bbox 519 1379 629 1464; x_wconf 80' lang='lat' dir='ltr'>legum</span> <span class='ocrx_word' id='word_1_98' title='bbox 650 1379 903 1464; x_wconf 71' lang='lat' dir='ltr'>reprehenditur,</span> <span class='ocrx_word' id='word_1_99' title='bbox 925 1383 972 1463; x_wconf 88' lang='lat' dir='ltr'>tu,</span> <span class='ocrx_word' id='word_1_100' title='bbox 996 1381 1051 1464; x_wconf 89' lang='lat' dir='ltr'>qui</span> 
     </span>
     <span class='ocr_line' id='line_1_15' title="bbox 41 1466 1051 1550; baseline 0.004 -20"><span class='ocrx_word' id='word_1_101' title='bbox 41 1466 193 1530; x_wconf 86' lang='lat' dir='ltr'>omnibns</span> <span class='ocrx_word' id='word_1_102' title='bbox 216 1466 346 1550; x_wconf 82' lang='lat' dir='ltr'>legibus</span> <span class='ocrx_word' id='word_1_103' title='bbox 368 1466 554 1550; x_wconf 79' lang='lat' dir='ltr'>implicatus</span> <span class='ocrx_word' id='word_1_104' title='bbox 578 1468 745 1550; x_wconf 83' lang='lat' dir='ltr'>tenebere,</span> <span class='ocrx_word' id='word_1_105' title='bbox 768 1467 936 1535; x_wconf 86' lang='lat' dir='ltr'>libidinem</span> <span class='ocrx_word' id='word_1_106' title='bbox 959 1473 1051 1538; x_wconf 88' lang='lat' dir='ltr'>tuam</span> 
     </span>
     <span class='ocr_line' id='line_1_16' title="bbox 9 1554 1051 1642; baseline 0.007 -25"><span class='ocrx_word' id='word_1_107' title='bbox 9 1555 101 1618; x_wconf 79' lang='lat' dir='ltr'>utibi</span> <span class='ocrx_word' id='word_1_108' title='bbox 133 1575 197 1639; x_wconf 88' lang='lat' dir='ltr'>pro</span> <span class='ocrx_word' id='word_1_109' title='bbox 228 1554 302 1638; x_wconf 81' lang='lat' dir='ltr'>lege</span> <span class='ocrx_word' id='word_1_110' title='bbox 334 1575 403 1618; x_wconf 87' lang='lat' dir='ltr'>esse</span> <span class='ocrx_word' id='word_1_111' title='bbox 434 1554 590 1620; x_wconf 81' lang='lat' dir='ltr'>voluisti?</span> <span class='ocrx_word' id='word_1_112' title='bbox 639 1554 678 1618; x_wconf 93' lang='lat' dir='ltr'>In</span> <span class='ocrx_word' id='word_1_113' title='bbox 707 1556 766 1620; x_wconf 90' lang='lat' dir='ltr'>illc</span> <span class='ocrx_word' id='word_1_114' title='bbox 796 1556 1051 1642; x_wconf 86' lang='lat' dir='ltr'>reprehenditur,</span> 
     </span>
     <span class='ocr_line' id='line_1_17' title="bbox 41 1641 1051 1728; baseline 0.002 -22"><span class='ocrx_word' id='word_1_115' title='bbox 41 1641 127 1725; x_wconf 92' lang='lat' dir='ltr'>quod</span> <span class='ocrx_word' id='word_1_116' title='bbox 153 1663 195 1706; x_wconf 82' lang='lat' dir='ltr'>ex</span> <span class='ocrx_word' id='word_1_117' title='bbox 223 1663 261 1706; x_wconf 85' lang='lat' dir='ltr'>ea</span> <span class='ocrx_word' id='word_1_118' title='bbox 283 1642 419 1725; x_wconf 87' lang='lat' dir='ltr'>pecunia</span> <span class='ocrx_word' id='word_1_119' title='bbox 440 1642 616 1725; x_wconf 82' lang='lat' dir='ltr'>remiserit,</span> <span class='ocrx_word' id='word_1_120' title='bbox 645 1665 742 1726; x_wconf 87' lang='lat' dir='ltr'>quem</span> <span class='ocrx_word' id='word_1_121' title='bbox 764 1644 835 1727; x_wconf 86' lang='lat' dir='ltr'>ipse</span> <span class='ocrx_word' id='word_1_122' title='bbox 859 1646 1051 1728; x_wconf 72' lang='lat' dir='ltr'>quaesierat,</span> 
     </span>
     <span class='ocr_line' id='line_1_18' title="bbox 41 1730 1051 1815; baseline 0.004 -21"><span class='ocrx_word' id='word_1_123' title='bbox 41 1731 100 1794; x_wconf 91' lang='lat' dir='ltr'>tibi</span> <span class='ocrx_word' id='word_1_124' title='bbox 124 1730 328 1812; x_wconf 88' lang='lat' dir='ltr'>concedetur,</span> <span class='ocrx_word' id='word_1_125' title='bbox 351 1730 468 1812; x_wconf 88' lang='lat' dir='ltr'>quide</span> <span class='ocrx_word' id='word_1_126' title='bbox 491 1730 597 1813; x_wconf 89' lang='lat' dir='ltr'>capite</span> <span class='ocrx_word' id='word_1_127' title='bbox 619 1731 829 1814; x_wconf 83' lang='lat' dir='ltr'>vectigalium</span> <span class='ocrx_word' id='word_1_128' title='bbox 853 1733 967 1815; x_wconf 93' lang='lat' dir='ltr'>populi</span> <span class='ocrx_word' id='word_1_129' title='bbox 988 1732 1051 1798; x_wconf 85' lang='lat' dir='ltr'>Ro·</span> 
     </span>
     <span class='ocr_line' id='line_1_19' title="bbox 42 1817 1103 1935; baseline 0.002 -53"><span class='ocrx_word' id='word_1_130' title='bbox 42 1818 130 1882; x_wconf 85' lang='lat' dir='ltr'>mani</span> <span class='ocrx_word' id='word_1_131' title='bbox 151 1817 342 1882; x_wconf 66' lang='lat' dir='ltr'>remisisti?</span> <span class='ocrx_word' id='word_1_132' title='bbox 1061 1870 1103 1935; x_wconf 69' lang='lat'>36</span> 
     </span>
     <span class='ocr_line' id='line_1_20' title="bbox 105 1904 1104 1995; baseline 0.002 -26"><span class='ocrx_word' id='word_1_133' title='bbox 105 1905 219 1988; x_wconf 80' lang='lat' dir='ltr'>Atque</span> <span class='ocrx_word' id='word_1_134' title='bbox 242 1905 278 1970; x_wconf 89' lang='lat' dir='ltr'>in</span> <span class='ocrx_word' id='word_1_135' title='bbox 299 1905 361 1970; x_wconf 86' lang='lat' dir='ltr'>hoc</span> <span class='ocrx_word' id='word_1_136' title='bbox 384 1926 501 1990; x_wconf 80' lang='lat' dir='ltr'>genere</span> <span class='ocrx_word' id='word_1_137' title='bbox 524 1904 676 1971; x_wconf 87' lang='lat' dir='ltr'>audaciae</span> <span class='ocrx_word' id='word_1_138' title='bbox 698 1905 804 1970; x_wconf 90' lang='lat' dir='ltr'>multo</span> <span class='ocrx_word' id='word_1_139' title='bbox 827 1905 927 1970; x_wconf 89' lang='lat' dir='ltr'>etiam</span> <span class='ocrx_word' id='word_1_140' title='bbox 948 1905 1051 1990; x_wconf 89' lang='lat' dir='ltr'>impu·</span> <span class='ocrx_word' id='word_1_141' title='bbox 1069 1947 1104 1995; x_wconf 85' lang='lat'>83</span> 
     </span>
     <span class='ocr_line' id='line_1_21' title="bbox 9 1992 1051 2076; baseline 0 -18"><span class='ocrx_word' id='word_1_142' title='bbox 9 1993 170 2060; x_wconf 76' lang='lat' dir='ltr'>ndentius</span> <span class='ocrx_word' id='word_1_143' title='bbox 203 1993 239 2056; x_wconf 90' lang='lat' dir='ltr'>in</span> <span class='ocrx_word' id='word_1_144' title='bbox 269 1993 411 2058; x_wconf 86' lang='lat' dir='ltr'>decumis</span> <span class='ocrx_word' id='word_1_145' title='bbox 434 1992 661 2058; x_wconf 85' lang='lat' dir='ltr'>Acestensium</span> <span class='ocrx_word' id='word_1_146' title='bbox 692 1994 841 2058; x_wconf 78' lang='lat' dir='ltr'>versatus</span> <span class='ocrx_word' id='word_1_147' title='bbox 874 1997 937 2076; x_wconf 82' lang='lat' dir='ltr'>est3</span> <span class='ocrx_word' id='word_1_148' title='bbox 970 2015 1051 2076; x_wconf 90' lang='lat' dir='ltr'>quas</span> 
     </span>
     <span class='ocr_line' id='line_1_22' title="bbox 43 2080 1052 2166; baseline 0.002 -20"><span class='ocrx_word' id='word_1_149' title='bbox 43 2105 113 2146; x_wconf 90' lang='lat' dir='ltr'>cnm</span> <span class='ocrx_word' id='word_1_150' title='bbox 146 2080 326 2150; x_wconf 79' lang='lat' dir='ltr'>addixisset</span> <span class='ocrx_word' id='word_1_151' title='bbox 357 2081 460 2148; x_wconf 89' lang='lat' dir='ltr'>eidem</span> <span class='ocrx_word' id='word_1_152' title='bbox 486 2081 538 2145; x_wconf 95' lang='lat' dir='ltr'>illi</span> <span class='ocrx_word' id='word_1_153' title='bbox 564 2080 714 2164; x_wconf 89' lang='lat' dir='ltr'>Docimo,</span> <span class='ocrx_word' id='word_1_154' title='bbox 745 2081 808 2146; x_wconf 92' lang='lat' dir='ltr'>hoc</span> <span class='ocrx_word' id='word_1_155' title='bbox 836 2084 885 2147; x_wconf 87' lang='lat' dir='ltr'>est</span> <span class='ocrx_word' id='word_1_156' title='bbox 913 2081 1052 2166; x_wconf 81' lang='lat' dir='ltr'>Tertiae,</span> 
     </span>
     <span class='ocr_line' id='line_1_23' title="bbox 42 2167 1052 2254; baseline 0 -20"><span class='ocrx_word' id='word_1_157' title='bbox 42 2169 144 2234; x_wconf 86' lang='lat' dir='ltr'>tritici</span> <span class='ocrx_word' id='word_1_158' title='bbox 172 2169 319 2234; x_wconf 88' lang='lat' dir='ltr'>modium</span> <span class='ocrx_word' id='word_1_159' title='bbox 340 2171 363 2232; x_wconf 72' lang='lat' dir='ltr'>u</span> <span class='ocrx_word' id='word_1_160' title='bbox 386 2173 419 2234; x_wconf 89' lang='lat' dir='ltr'>et</span> <span class='ocrx_word' id='word_1_161' title='bbox 446 2169 663 2235; x_wconf 86' lang='lat' dir='ltr'>accessionem</span> <span class='ocrx_word' id='word_1_162' title='bbox 686 2169 891 2253; x_wconf 78' lang='lat' dir='ltr'>ascripsisset</span> <span class='ocrx_word' id='word_1_163' title='bbox 913 2167 968 2234; x_wconf 80' lang='lat' dir='ltr'>Hs</span> <span class='ocrx_word' id='word_1_164' title='bbox 991 2189 1052 2254; x_wconf 84' lang='lat' dir='ltr'>Mn,</span> 
     </span>
     <span class='ocr_line' id='line_1_24' title="bbox 43 2255 1052 2343; baseline 0 -21"><span class='ocrx_word' id='word_1_165' title='bbox 43 2258 150 2343; x_wconf 72' lang='lat' dir='ltr'>coegit</span> <span class='ocrx_word' id='word_1_166' title='bbox 168 2257 362 2324; x_wconf 86' lang='lat' dir='ltr'>Acestenses</span> <span class='ocrx_word' id='word_1_167' title='bbox 390 2255 568 2323; x_wconf 85' lang='lat' dir='ltr'>aDocimo</span> <span class='ocrx_word' id='word_1_168' title='bbox 595 2256 787 2322; x_wconf 73' lang='lat' dir='ltr'>tantundem</span> <span class='ocrx_word' id='word_1_169' title='bbox 814 2257 942 2342; x_wconf 86' lang='lat' dir='ltr'>publice</span> <span class='ocrx_word' id='word_1_170' title='bbox 973 2259 1052 2324; x_wconf 90' lang='lat' dir='ltr'>acci·</span> 
     </span>
     <span class='ocr_line' id='line_1_25' title="bbox 42 2344 1052 2430; baseline 0.001 -20"><span class='ocrx_word' id='word_1_171' title='bbox 42 2367 131 2430; x_wconf 82' lang='lat' dir='ltr'>pere;</span> <span class='ocrx_word' id='word_1_172' title='bbox 170 2345 205 2410; x_wconf 89' lang='lat' dir='ltr'>id</span> <span class='ocrx_word' id='word_1_173' title='bbox 244 2345 329 2429; x_wconf 90' lang='lat' dir='ltr'>quod</span> <span class='ocrx_word' id='word_1_174' title='bbox 366 2367 404 2410; x_wconf 86' lang='lat' dir='ltr'>cx</span> <span class='ocrx_word' id='word_1_175' title='bbox 434 2344 661 2411; x_wconf 78' lang='lat' dir='ltr'>Acestensium</span> <span class='ocrx_word' id='word_1_176' title='bbox 696 2345 827 2428; x_wconf 88' lang='lat' dir='ltr'>publico</span> <span class='ocrx_word' id='word_1_177' title='bbox 863 2346 1052 2411; x_wconf 88' lang='lat' dir='ltr'>testimonio</span> 
     </span>
     <span class='ocr_line' id='line_1_26' title="bbox 9 2429 1051 2520; baseline 0.004 -30"><span class='ocrx_word' id='word_1_178' title='bbox 9 2433 240 2520; x_wconf 75' lang='lat' dir='ltr'>recognoscite.</span> <span class='ocrx_word' id='word_1_179' title='bbox 296 2432 412 2498; x_wconf 80' lang='lat' dir='ltr'>Recito.</span> <span class='ocrx_word' id='word_1_180' title='bbox 478 2429 787 2493; x_wconf 76' lang='lat' dir='ltr'><em>TESTIMONIUM</em></span> <span class='ocrx_word' id='word_1_181' title='bbox 823 2438 1051 2494; x_wconf 81' lang='lat' dir='ltr'><em>PUBLIOUM.</em></span> 
     </span>
     <span class='ocr_line' id='line_1_27' title="bbox 46 2519 1053 2605; baseline -0.002 -19"><span class='ocrx_word' id='word_1_182' title='bbox 46 2521 207 2605; x_wconf 84' lang='lat' dir='ltr'>Audistis,</span> <span class='ocrx_word' id='word_1_183' title='bbox 235 2521 349 2605; x_wconf 90' lang='lat' dir='ltr'>quanti</span> <span class='ocrx_word' id='word_1_184' title='bbox 371 2520 521 2586; x_wconf 88' lang='lat' dir='ltr'>decumas</span> <span class='ocrx_word' id='word_1_185' title='bbox 545 2519 704 2604; x_wconf 80' lang='lat' dir='ltr'>acceperit</span> <span class='ocrx_word' id='word_1_186' title='bbox 727 2542 747 2583; x_wconf 87' lang='lat' dir='ltr'>a</span> <span class='ocrx_word' id='word_1_187' title='bbox 769 2519 905 2585; x_wconf 90' lang='lat' dir='ltr'>Docimo</span> <span class='ocrx_word' id='word_1_188' title='bbox 929 2522 1053 2603; x_wconf 85' lang='lat' dir='ltr'>civitas,</span> 
     </span>
     <span class='ocr_line' id='line_1_28' title="bbox 43 2604 1052 2692; baseline -0.001 -18"><span class='ocrx_word' id='word_1_189' title='bbox 43 2610 144 2675; x_wconf 90' lang='lat' dir='ltr'>tritici</span> <span class='ocrx_word' id='word_1_190' title='bbox 178 2609 368 2674; x_wconf 71' lang='lat' dir='ltr'>modiumu</span> <span class='ocrx_word' id='word_1_191' title='bbox 400 2612 434 2672; x_wconf 90' lang='lat' dir='ltr'>et</span> <span class='ocrx_word' id='word_1_192' title='bbox 465 2608 688 2674; x_wconf 88' lang='lat' dir='ltr'>accessionem.</span> <span class='ocrx_word' id='word_1_193' title='bbox 738 2604 932 2692; x_wconf 73' lang='lat' dir='ltr'>Cognoscite</span> <span class='ocrx_word' id='word_1_194' title='bbox 959 2630 1052 2690; x_wconf 89' lang='lat' dir='ltr'>nnnc,</span> 
     </span>
     <span class='ocr_line' id='line_1_29' title="bbox 44 2695 1052 2781; baseline -0.002 -19"><span class='ocrx_word' id='word_1_195' title='bbox 44 2698 158 2781; x_wconf 89' lang='lat' dir='ltr'>quanti</span> <span class='ocrx_word' id='word_1_196' title='bbox 191 2719 226 2762; x_wconf 89' lang='lat' dir='ltr'>se</span> <span class='ocrx_word' id='word_1_197' title='bbox 255 2697 436 2762; x_wconf 86' lang='lat' dir='ltr'>vendidisse</span> <span class='ocrx_word' id='word_1_198' title='bbox 466 2695 640 2760; x_wconf 83' lang='lat' dir='ltr'>rettulerit.</span> <span class='ocrx_word' id='word_1_199' title='bbox 687 2695 761 2760; x_wconf 74' lang='lat' dir='ltr'>Lux</span> <span class='ocrx_word' id='word_1_200' title='bbox 788 2712 940 2761; x_wconf 81' lang='lat' dir='ltr'>Dncurfls</span> <span class='ocrx_word' id='word_1_201' title='bbox 969 2713 1052 2760; x_wconf 76' lang='lat' dir='ltr'>vnn-</span> 
     </span>
     <span class='ocr_line' id='line_1_30' title="bbox 43 2782 1053 2852; baseline -0.004 -2"><span class='ocrx_word' id='word_1_202' title='bbox 43 2803 175 2852; x_wconf 74' lang='lat' dir='ltr'>nunnls</span> <span class='ocrx_word' id='word_1_203' title='bbox 208 2783 243 2850; x_wconf 83' lang='lat' dir='ltr'>O.</span> <span class='ocrx_word' id='word_1_204' title='bbox 269 2783 391 2850; x_wconf 81' lang='lat' dir='ltr'>Vnnns</span> <span class='ocrx_word' id='word_1_205' title='bbox 422 2803 474 2850; x_wconf 76' lang='lat' dir='ltr'>en.</span> <span class='ocrx_word' id='word_1_206' title='bbox 527 2782 600 2849; x_wconf 89' lang='lat' dir='ltr'>Hoc</span> <span class='ocrx_word' id='word_1_207' title='bbox 634 2783 765 2848; x_wconf 90' lang='lat' dir='ltr'>nomine</span> <span class='ocrx_word' id='word_1_208' title='bbox 801 2783 918 2848; x_wconf 86' lang='lat' dir='ltr'>videtis</span> <span class='ocrx_word' id='word_1_209' title='bbox 951 2782 1053 2846; x_wconf 89' lang='lat' dir='ltr'>tritici</span> 
     </span>
     <span class='ocr_line' id='line_1_31' title="bbox 10 2871 1052 2955; baseline -0.006 -16"><span class='ocrx_word' id='word_1_210' title='bbox 10 2889 32 2928; x_wconf 75' lang='lat'>³⁰</span> <span class='ocrx_word' id='word_1_211' title='bbox 44 2875 188 2939; x_wconf 88' lang='lat' dir='ltr'>modium</span> <span class='ocrx_word' id='word_1_212' title='bbox 207 2889 262 2940; x_wconf 82' lang='lat' dir='ltr'>cm</span> <span class='ocrx_word' id='word_1_213' title='bbox 281 2890 336 2938; x_wconf 82' lang='lat' dir='ltr'>cm</span> <span class='ocrx_word' id='word_1_214' title='bbox 356 2890 412 2939; x_wconf 79' lang='lat' dir='ltr'>olo</span> <span class='ocrx_word' id='word_1_215' title='bbox 432 2872 594 2955; x_wconf 88' lang='lat' dir='ltr'>decapite</span> <span class='ocrx_word' id='word_1_216' title='bbox 618 2892 688 2946; x_wconf 83' lang='lat' dir='ltr'>esse</span> <span class='ocrx_word' id='word_1_217' title='bbox 711 2871 851 2954; x_wconf 88' lang='lat' dir='ltr'>dempta,</span> <span class='ocrx_word' id='word_1_218' title='bbox 875 2892 956 2953; x_wconf 88' lang='lat' dir='ltr'>quae</span> <span class='ocrx_word' id='word_1_219' title='bbox 980 2891 1052 2934; x_wconf 89' lang='lat' dir='ltr'>cum</span> 
     </span>
     <span class='ocr_line' id='line_1_32' title="bbox 44 2957 1052 3046; baseline -0.002 -22"><span class='ocrx_word' id='word_1_220' title='bbox 44 2963 81 3026; x_wconf 92' lang='lat' dir='ltr'>de</span> <span class='ocrx_word' id='word_1_221' title='bbox 113 2961 229 3046; x_wconf 89' lang='lat' dir='ltr'>populi</span> <span class='ocrx_word' id='word_1_222' title='bbox 255 2960 395 3026; x_wconf 86' lang='lat' dir='ltr'>Romani</span> <span class='ocrx_word' id='word_1_223' title='bbox 426 2959 526 3044; x_wconf 89' lang='lat' dir='ltr'>victu,</span> <span class='ocrx_word' id='word_1_224' title='bbox 558 2960 597 3023; x_wconf 89' lang='lat' dir='ltr'>de</span> <span class='ocrx_word' id='word_1_225' title='bbox 624 2959 833 3044; x_wconf 83' lang='lat' dir='ltr'>vectigalium</span> <span class='ocrx_word' id='word_1_226' title='bbox 860 2957 981 3039; x_wconf 81' lang='lat' dir='ltr'>nervis,</span> <span class='ocrx_word' id='word_1_227' title='bbox 1014 2957 1052 3022; x_wconf 90' lang='lat' dir='ltr'>de</span> 
     </span>
     <span class='ocr_line' id='line_1_33' title="bbox 45 3045 1052 3134; baseline -0.004 -22"><span class='ocrx_word' id='word_1_228' title='bbox 45 3050 203 3134; x_wconf 83' lang='lat' dir='ltr'>sanguine</span> <span class='ocrx_word' id='word_1_229' title='bbox 218 3049 411 3114; x_wconf 80' lang='lat' dir='ltr'>detraxisset</span> <span class='ocrx_word' id='word_1_230' title='bbox 426 3048 551 3130; x_wconf 86' lang='lat' dir='ltr'>aerarii,</span> <span class='ocrx_word' id='word_1_231' title='bbox 570 3046 699 3114; x_wconf 79' lang='lat' dir='ltr'>Tertiae</span> <span class='ocrx_word' id='word_1_232' title='bbox 713 3047 830 3112; x_wconf 80' lang='lat' dir='ltr'>mimae</span> <span class='ocrx_word' id='word_1_233' title='bbox 849 3045 1052 3110; x_wconf 85' lang='lat' dir='ltr'>condonavit.</span> 
     </span>
     <span class='ocr_line' id='line_1_34' title="bbox 44 3132 1052 3221; baseline -0.004 -19"><span class='ocrx_word' id='word_1_234' title='bbox 44 3137 163 3202; x_wconf 89' lang='lat' dir='ltr'>Utrum</span> <span class='ocrx_word' id='word_1_235' title='bbox 181 3137 391 3221; x_wconf 89' lang='lat' dir='ltr'>inpudentius</span> <span class='ocrx_word' id='word_1_236' title='bbox 409 3136 451 3202; x_wconf 86' lang='lat' dir='ltr'>ab</span> <span class='ocrx_word' id='word_1_237' title='bbox 470 3135 565 3200; x_wconf 86' lang='lat' dir='ltr'>sociis</span> <span class='ocrx_word' id='word_1_238' title='bbox 584 3134 722 3200; x_wconf 90' lang='lat' dir='ltr'>abstulit</span> <span class='ocrx_word' id='word_1_239' title='bbox 741 3155 782 3197; x_wconf 89' lang='lat' dir='ltr'>an</span> <span class='ocrx_word' id='word_1_240' title='bbox 803 3132 930 3216; x_wconf 87' lang='lat' dir='ltr'>turpius</span> <span class='ocrx_word' id='word_1_241' title='bbox 954 3155 1052 3198; x_wconf 85' lang='lat' dir='ltr'>mers—</span> 
     </span>
     <span class='ocr_line' id='line_1_35' title="bbox 44 3220 1054 3308; baseline -0.004 -18"><span class='ocrx_word' id='word_1_242' title='bbox 44 3225 117 3290; x_wconf 83' lang='lat' dir='ltr'>trici</span> <span class='ocrx_word' id='word_1_243' title='bbox 150 3224 239 3290; x_wconf 85' lang='lat' dir='ltr'>dedit</span> <span class='ocrx_word' id='word_1_244' title='bbox 271 3247 314 3290; x_wconf 92' lang='lat' dir='ltr'>an</span> <span class='ocrx_word' id='word_1_245' title='bbox 343 3223 512 3308; x_wconf 88' lang='lat' dir='ltr'>inprobius</span> <span class='ocrx_word' id='word_1_246' title='bbox 539 3223 660 3307; x_wconf 91' lang='lat' dir='ltr'>populo</span> <span class='ocrx_word' id='word_1_247' title='bbox 688 3222 835 3286; x_wconf 86' lang='lat' dir='ltr'>Romano</span> <span class='ocrx_word' id='word_1_248' title='bbox 863 3220 984 3285; x_wconf 87' lang='lat' dir='ltr'>ademit</span> <span class='ocrx_word' id='word_1_249' title='bbox 1012 3243 1054 3286; x_wconf 88' lang='lat' dir='ltr'>an</span> 
     </span>
     <span class='ocr_line' id='line_1_36' title="bbox 11 3307 1053 3396; baseline -0.004 -18"><span class='ocrx_word' id='word_1_250' title='bbox 11 3327 34 3367; x_wconf 75' lang='lat'>⁸⁵</span> <span class='ocrx_word' id='word_1_251' title='bbox 47 3313 197 3380; x_wconf 84' lang='lat' dir='ltr'>audacius</span> <span class='ocrx_word' id='word_1_252' title='bbox 229 3313 360 3378; x_wconf 85' lang='lat' dir='ltr'>tabulas</span> <span class='ocrx_word' id='word_1_253' title='bbox 392 3311 539 3396; x_wconf 87' lang='lat' dir='ltr'>publicas</span> <span class='ocrx_word' id='word_1_254' title='bbox 572 3308 806 3375; x_wconf 79' lang='lat' dir='ltr'>commutavit?</span> <span class='ocrx_word' id='word_1_255' title='bbox 855 3307 907 3372; x_wconf 77' lang='lat' dir='ltr'>Ex</span> <span class='ocrx_word' id='word_1_256' title='bbox 935 3309 1053 3375; x_wconf 90' lang='lat' dir='ltr'>horum</span> 
     </span>
     <span class='ocr_line' id='line_1_37' title="bbox 48 3396 1054 3484; baseline -0.002 -20"><span class='ocrx_word' id='word_1_257' title='bbox 48 3402 219 3466; x_wconf 82' lang='lat' dir='ltr'>severitate</span> <span class='ocrx_word' id='word_1_258' title='bbox 246 3405 281 3464; x_wconf 90' lang='lat' dir='ltr'>te</span> <span class='ocrx_word' id='word_1_259' title='bbox 302 3401 371 3465; x_wconf 87' lang='lat' dir='ltr'>ulla</span> <span class='ocrx_word' id='word_1_260' title='bbox 392 3400 442 3464; x_wconf 80' lang='lat' dir='ltr'>vis</span> <span class='ocrx_word' id='word_1_261' title='bbox 465 3399 581 3484; x_wconf 89' lang='lat' dir='ltr'>eripiet</span> <span class='ocrx_word' id='word_1_262' title='bbox 603 3401 661 3462; x_wconf 88' lang='lat' dir='ltr'>aut</span> <span class='ocrx_word' id='word_1_263' title='bbox 683 3398 752 3461; x_wconf 87' lang='lat' dir='ltr'>ulla</span> <span class='ocrx_word' id='word_1_264' title='bbox 774 3396 932 3480; x_wconf 79' lang='lat' dir='ltr'>largitio?</span> <span class='ocrx_word' id='word_1_265' title='bbox 977 3396 1054 3462; x_wconf 90' lang='lat' dir='ltr'>Non</span> 
     </span>
     <span class='ocr_line' id='line_1_38' title="bbox 48 3485 1054 3574; baseline -0.004 -22"><span class='ocrx_word' id='word_1_266' title='bbox 48 3490 168 3574; x_wconf 82' lang='lat' dir='ltr'>eripiet</span> <span class='ocrx_word' id='word_1_267' title='bbox 216 3485 278 3553; x_wconf 81' lang='lat' dir='ltr'>Sed</span> <span class='ocrx_word' id='word_1_268' title='bbox 307 3488 335 3553; x_wconf 92' lang='lat' dir='ltr'>si</span> <span class='ocrx_word' id='word_1_269' title='bbox 362 3487 529 3572; x_wconf 87' lang='lat' dir='ltr'>eripuerit,</span> <span class='ocrx_word' id='word_1_270' title='bbox 561 3507 626 3552; x_wconf 90' lang='lat' dir='ltr'>non</span> <span class='ocrx_word' id='word_1_271' title='bbox 652 3485 818 3571; x_wconf 85' lang='lat' dir='ltr'>intellegis</span> <span class='ocrx_word' id='word_1_272' title='bbox 846 3485 938 3568; x_wconf 90' lang='lat' dir='ltr'>haec,</span> <span class='ocrx_word' id='word_1_273' title='bbox 972 3507 1054 3568; x_wconf 89' lang='lat' dir='ltr'>quae</span> 
     </span>
    </p>
   </div>
   <div class='ocr_carea' id='block_1_3' title="bbox 0 0 1212 3936">
    <p class='ocr_par' dir='ltr' id='par_1_3' title="bbox 0 0 1212 3936">
     <span class='ocr_line' id='line_1_39' title="bbox 0 0 1212 3936; baseline 0 0"><span class='ocrx_word' id='word_1_274' title='bbox 0 0 1212 3936; x_wconf 95' lang='lat' dir='ltr'> </span> 
     </span>
    </p>
   </div>
  </div>
 </body>
</html>
