2470 3936
165 144 233 212 484
467 141 508 196 IN
526 139 556 196 C.
572 139 724 196 VERREM
741 137 819 195 AUI'.
838 137 871 193 11.

62 315 69 332 ·
167 289 230 356 Sed
270 286 428 372 scriptum
467 287 559 351 extat
598 284 634 348 in
669 283 773 348 isdem
811 282 947 365 litteris,
987 279 1069 366 quod
1103 279 1158 344 ists

166 379 266 444 homo
301 376 460 441 barber-ns
492 395 529 438 ac
562 372 739 438 dissolutus
771 391 876 456 neque
908 369 1072 436 attendere
1100 389 1159 434 um·

169 487 268 551 quam
302 484 406 548 neque
441 461 633 546 intellegere
668 459 790 544 potuit:
828 455 1089 542 idaminimus,
1120 457 1161 520 in-

170 555 255 641 quit,
284 553 347 618 hoo
378 554 441 635 est,
472 554 509 615 ut
535 547 637 614 Siculi
667 549 832 631 locuntur,
862 547 1025 632 supplicio
1056 544 1163 611 adlecti

115 613 169 740 ᾗῇ
186 665 226 709 ac
260 641 367 706 necati
403 642 487 704 sunt.
539 635 575 702 si
611 636 666 722 qui
701 655 772 718 rex,
804 636 836 700 si
873 655 939 720 que
973 635 1088 700 ciritae
1119 653 1185 703 ens

169 737 314 797 terarum
350 728 511 814 gentium,
547 726 576 790 si
606 745 671 810 qua
701 724 792 790 natio
822 722 956 790 fecisset
986 721 1165 807 aliquidin

169 819 249 886 civis
284 817 449 882 Romanos
485 814 555 879 eius
591 813 692 897 modi,
728 831 835 878 nonne
870 811 1002 898 publice
1038 809 1164 876 vindicu-

169 927 291 991 remus,
321 925 427 969 nonne
459 902 548 967 bello
576 900 863 986 persequeremur?
895 919 1066 986 possemus
1091 899 1163 964 lnuc

169 993 323 1060 iniuriam
344 990 621 1079 ignominiamque
642 989 784 1054 nominis
803 988 945 1054 Romani
967 988 1107 1053 inultam
1126 987 1165 1050 in·

170 1082 382 1170 punitamque
413 1078 599 1144 dimittere?
645 1075 732 1153 Quot
762 1077 851 1142 bella
877 1077 1020 1142 maiores
1046 1079 1196 1144 nostroso

171 1176 206 1238 et
227 1173 350 1256 quanta
372 1167 551 1253 suscepisse
574 1165 792 1250 mbitramiui,
818 1165 906 1250 quod
928 1165 1018 1230 cives
1040 1163 1167 1230 Romani

171 1259 292 1325 iniuria
312 1256 444 1340 adfecti,
470 1254 556 1341 quod
577 1251 770 1321 navicularii
791 1252 925 1338 retenti,
948 1253 1037 1338 quod
1059 1273 1168 1318 merca·

171 1352 260 1414 tores
288 1344 422 1432 spoliati
448 1343 653 1411 dicerentur?
697 1341 745 1406 At
771 1362 833 1428 ego
854 1341 921 1407 ium
944 1345 1090 1406 retentos
1111 1361 1168 1405 non

171 1427 1195 1604 surrecturus„

121 1623 171 1676 150
190 1615 225 1675 et
244 1610 280 1674 in
302 1607 418 1674 vinclis
441 1607 528 1672 cives
550 1606 716 1674 &menos
739 1610 872 1672 necatos
896 1623 968 1672 esse
991 1627 1103 1694 urguo.
1138 1603 1169 1670 Si

171 1699 252 1766 haec
279 1697 366 1783 apud
386 1694 526 1782 Scythas
553 1694 706 1780 dicerem,
731 1715 798 1760 non
819 1695 874 1760 hic
894 1694 930 1759 in
952 1698 1050 1760 tantu
1072 1693 1169 1760 multi·

172 1788 284 1854 tudine
303 1786 421 1852 cisium
434 1784 667 1867 Romanorum,
683 1803 750 1850 non
768 1783 854 1868 apud
872 1787 1051 1869 seuatmes,
1073 1784 1169 1848 lectis·

173 1877 273 1941 simos
296 1873 448 1958 civitatis,
470 1891 536 1938 non
557 1872 593 1936 in
614 1871 687 1936 foro
709 1872 823 1957 populi
845 1870 986 1937 Romani
1009 1872 1050 1937 de
1071 1875 1170 1937 tutet

172 1968 242 2029 tam
279 1961 402 2029 acerbis
439 1960 606 2046 suppliciis
643 1960 760 2026 civium
796 1959 1033 2045 Romanorum,
1068 1965 1195 2026 tumens

173 2052 299 2117 animos
343 2051 442 2116 etiarn
483 2050 697 2115 barbarorum
737 2048 906 2113 hominum
946 2069 1170 2134 permoverem.

173 2139 281 2204 Tanto
307 2138 393 2203 enim
420 2137 517 2202 huius
542 2137 671 2220 imperii
699 2136 893 2220 amplitudo,
920 2140 1017 2202 tanta
1038 2137 1170 2203 nominis

173 2225 313 2290 Romani
334 2224 476 2310 dignitas
500 2228 551 2289 est
573 2225 660 2310 apud
682 2243 794 2289 omnes
816 2224 975 2310 nationes,
998 2229 1037 2291 ut
1058 2226 1121 2292 ista
1139 2225 1170 2288 in
1215 2279 1216 2302 ,

172 2317 303 2379 nostros
332 2312 480 2378 homines
508 2311 682 2377 crudelitas
709 2312 830 2378 nemini
856 2333 1012 2380 concessa
1038 2335 1108 2379 esse
1132 2313 1170 2378 ri·

174 2403 297 2468 deatur.
328 2399 423 2467 Nunc
435 2401 498 2466 tibi
512 2421 574 2486 ego
587 2400 691 2466 ullam
704 2402 852 2486 salutem,
869 2401 974 2466 ullum
992 2402 1194 2489 perfugiums

173 2495 294 2578 putem,
317 2493 441 2556 comte
460 2488 652 2574 inplicatam
676 2489 848 2556 severitate
871 2489 1024 2576 iudicum,
1046 2492 1169 2557 circum·

122 2592 172 2642 151
191 2579 326 2644 retitum
352 2577 535 2663 frequentia
559 2577 673 2663 populi
694 2577 834 2644 Romani
856 2567 1101 2646 esse'videam?
1141 2576 1168 2643 Si

174 2667 370 2750 mehercule,
396 2666 431 2731 id
457 2665 543 2750 quod
567 2665 639 2731 fieri
660 2685 726 2731 non
747 2687 844 2752 posse
865 2667 1039 2754 intellego,
1067 2689 1106 2734 ex
1126 2667 1168 2732 his

173 2760 207 2822 te
234 2755 360 2840 laqueis
387 2754 512 2820 exueris
540 2775 577 2819 sc
603 2757 638 2818 te
660 2754 769 2838 alique
791 2756 846 2820 vic
869 2777 906 2821 ae
927 2756 1058 2822 ustione
1081 2756 1168 2842 expli·

174 2844 273 2929 caris,
294 2844 330 2908 in
351 2843 427 2908 illas
450 2842 513 2908 tibi
534 2842 673 2908 maiores
695 2842 812 2928 plages
835 2843 1042 2910 incidendum
1065 2849 1122 2930 est,
1142 2845 1193 2909 irs
1214 2909 1215 2916 ,

174 2933 292 3018 quibus
318 2935 353 2996 te
380 2931 562 2998 abeodem
589 2951 642 2995 me
664 2931 830 3015 superiore
852 2953 892 2998 ex
914 2934 986 3000 loco
1010 2935 1123 3000 confici
1143 2935 1167 2997 ct
1214 2933 1215 2984 l

174 3020 299 3087 concidi
324 3039 456 3086 necesse
483 3023 541 3085 est
586 3017 647 3084 Oui
670 3019 699 3084 si
721 3019 821 3086 etiam
844 3021 892 3106 id,
919 3021 1005 3106 quod
1029 3022 1167 3102 defendit,

174 3110 273 3175 velim
301 3106 487 3193 concedere,
513 3111 624 3172 tumen
651 3108 724 3194 ipsa
749 3108 809 3174 illa
834 3108 920 3176 false
948 3109 1093 3177 defensio
1113 3129 1166 3176 nou

174 3196 291 3346 gripesb
314 3217 384 3262 esse
416 3196 446 3262 ei
476 3195 658 3282 perniciose
687 3217 785 3283 quarn
812 3218 886 3264 mea
912 3219 989 3264 vera
1016 3199 1165 3266 accusatio

196 3303 214 3345 e
239 3304 299 3346 ea.
1173 3302 1189 3346 o

241 3365 325 3464 Qpid
356 3371 442 3435 enim
474 3371 639 3473 defendit?
679 3372 735 3475 ,Ex
761 3371 922 3475 Hisponis
952 3375 1116 3476 fugientes
1141 3393 1164 3438 se

175 3468 337 3534 excepisse
355 3458 389 3518 et
407 3459 565 3541 supplrcro
584 3457 741 3526 adiecisse
760 3459 847 3528 droit.
880 3462 960 3538 Quis
976 3465 1040 3530 ubi
1059 3465 1093 3530 id
1109 3483 1164 3552 per·
1213 3483 1214 3552 l
