2470 3936
166 166 234 233 450
465 161 505 216 m
523 161 552 216 Ο.
570 159 725 223 VERREM
743 160 823 217 AGT.
842 160 877 216 ΙΙ.

166 308 272 392 frasta
296 309 439 394 arguant
460 309 595 390 caerae,
617 325 746 391 paucae·
762 308 797 372 et
817 325 938 389 parrae
960 307 994 370 et
1015 307 1099 370 meta
1115 327 1153 370 ra

167 418 299 484 pressae
319 396 426 479 ailant,
448 416 513 464 una
535 394 656 466 laudat
692 391 765 465 Hac
788 391 865 477 qaid
888 396 940 458 est
961 392 1027 460 nisi
1046 392 1154 458 intelle

169 507 259 573 gere,
281 485 359 570 quid
380 483 502 552 haheat
524 481 678 554 utilitatis
701 481 963 565 amandatio,
986 481 1043 549 sed
1063 485 1157 550 tensa

168 573 429 664 improvinciae
456 570 648 657 praefuisse,
675 573 713 638 ut
739 570 801 642 hae
824 569 971 636 utilitate
993 569 1157 638 necesaria

116 676 152 727 ts
170 663 214 730 ait
245 660 441 732 carendum?
485 659 623 743 Deinde,
655 657 746 743 quad·
773 657 839 724 alic
870 658 943 725 loce
976 661 1074 724 antea
1098 657 1182 740 dixis

170 771 255 837 quae
267 753 318 814 est
330 747 542 817 istaes-mem
555 747 710 830 laudatis,
729 745 843 830 quoius
858 745 1058 814 laudationis
1073 745 1162 832 legati

170 843 203 904 et
220 837 383 921 principes
403 839 436 902 et
455 835 585 920 publice
607 835 671 902 tibi
691 855 808 901 navem
831 833 1037 906 aedificatam
1059 838 1091 900 et
1110 834 1163 920 pri

169 926 272 996 raam
309 947 343 992 se
378 925 468 1008 ipsos
500 924 560 990 abs
591 926 625 988 ta
659 923 820 1007 spoliatas
850 922 1076 1008 expilatosque
1106 944 1164 988 esse

169 1013 343 1082 dixertmt?
382 1011 553 1080 Postremo
582 1009 659 1095 quid
686 1010 775 1079 alind
800 1011 858 1075 isti
880 1010 1022 1094 faciant,
1049 1014 1165 1081 eante

171 1103 234 1172 soli
266 1125 304 1170 aa
334 1098 445 1168 Sicilia
476 1099 625 1184 laudant,
655 1099 721 1168 nisi
751 1098 940 1168 testimonio
971 1099 1069 1166 nabis
1100 1103 1201 1166 sunta

171 1191 280 1260 omnia
306 1194 340 1256 te
368 1189 431 1254 sibi
458 1209 528 1254 esse
555 1188 726 1273 largitum,
752 1209 838 1272 qaae
862 1191 901 1252 tu
926 1186 966 1254 de
988 1187 1169 1273 republica

170 1284 285 1346 nestra
316 1277 515 1347 detraxeris?
565 1275 653 1352 Quae
685 1275 813 1342 celenia
844 1279 896 1340 est
920 1274 957 1340 in
982 1274 1083 1342 Italia
1108 1281 1170 1342 tan

171 1369 258 1434 bono
283 1367 367 1450 iure,
394 1365 480 1450 quod
503 1368 572 1432 tam
594 1364 740 1432 immane
759 1363 983 1448 municipium,
1013 1365 1099 1448 quod
1119 1386 1169 1448 per

170 1456 268 1524 hasce
295 1475 398 1520 annos
426 1457 496 1520 tam
519 1451 687 1520 commoda
709 1451 880 1518 vacatione
902 1451 1050 1520 omnium
1071 1474 1168 1518 rernm

172 1543 215 1608 sit
247 1563 341 1610 usum
374 1563 472 1626 quam
497 1539 694 1608 Mamertina
723 1539 861 1606 civitas?
910 1539 974 1604 Per
1001 1541 1206 1608 trienniumc

168 1630 247 1716 soli,
274 1652 314 1694 ex
338 1627 467 1701 foedere
495 1628 581 1714 qaod
608 1629 801 1712 debuerunt,
827 1649 894 1694 non
920 1628 1091 1716 dederunt,
1116 1629 1170 1696 seli

170 1720 236 1786 istc
267 1721 417 1804 praetore
446 1718 591 1785 omnium
617 1733 726 1786 rerum
751 1717 911 1785 immunes
938 1716 1086 1802 fuerunt,
1116 1717 1172 1782 soli

170 1809 206 1873 in
232 1807 328 1875 istius
354 1806 491 1892 imperio
519 1828 558 1874 ea
585 1804 771 1872 condicione
797 1804 961 1888 aisement,
991 1810 1032 1875 ut
1058 1806 1173 1891 popule

119 1895 321 2023 23Romano
342 1895 426 1964 nihil
449 1895 576 1978 darent,
592 1893 696 1958 'Verri
716 1892 800 1960 nihil
821 1897 990 1978 negarent.
1029 1981 1036 1995 υ

119 2035 154 2084 ⁶⁹
172 1981 1209 2157 macarianae*

171 2158 327 2223 remisisti
354 2161 469 2225 contra
493 2157 633 2224 foedera
678 2157 730 2224 Ita
756 2157 791 2222 in
812 2174 878 2225 una
902 2157 1036 2224 civitate
1059 2159 1177 2224 bisin

170 2246 294 2331 probas
315 2244 422 2329 fuisti,
449 2267 523 2312 cum
545 2247 579 2312 et
601 2245 770 2330 remisisti,
798 2245 884 2330 qaod
905 2265 974 2312 nen
994 2247 1177 2332 opertebat,

168 2337 206 2400 et
231 2333 400 2418 accepisti,
428 2333 514 2418 quod
540 2355 607 2400 non
633 2334 761 2402 licebat.
806 2333 945 2420 angere
972 2337 1007 2400 te
1034 2336 1178 2420 apertuit

171 2444 298 2508 navem,
319 2444 401 2508 quae
424 2425 538 2490 contra
559 2423 748 2507 praedones,
768 2443 836 2490 nen
857 2443 939 2506 quae
961 2444 1038 2490 cum
1060 2424 1211 2508 praedat

171 2512 356 2598 navigaret,
383 2533 466 2596 qnae
493 2510 691 2594 defenderet,
716 2532 758 2576 ne
782 2509 950 2595 provincia
972 2512 1178 2596 spoliaretur,

172 2622 238 2666 non
265 2619 348 2684 quae
372 2599 556 2686 provinciae
579 2599 684 2682 apelia
706 2601 861 2683 portaret
906 2597 1097 2666 Mamertini
1118 2600 1178 2664 tibi

173 2693 207 2755 et
232 2689 360 2772 urbem,
390 2709 453 2772 quo
480 2686 570 2752 furta
595 2687 736 2770 undique
763 2685 964 2772 deportares,
992 2690 1027 2751 et
1054 2710 1178 2771 navem,

172 2777 207 2844 in
237 2799 302 2862 qua
329 2779 531 2862 exportares,
561 2775 793 2860 praebuerunt3
824 2775 907 2840 illud
933 2775 995 2840 tibi
1023 2776 1178 2862 oppidum

172 2865 411 2948 receptaculum
437 2863 576 2949 praedae
597 2861 674 2947 fuit,
700 2863 751 2928 illi
773 2863 921 2930 homines
944 2867 1048 2930 testes
1072 2869 1211 2932 cusas

173 2954 291 3037 deaque
309 2951 481 3036 frirtonrm,
503 2952 555 3018 illi
572 2951 634 3017 tibi
657 2954 690 3016 et
711 2952 818 3020 locum
840 2951 938 3018 furtis
960 2955 994 3016 et
1015 2951 1179 3021 furtorum

172 3042 357 3108 vehiculum
388 3043 667 3126 comparaverunt
716 3037 830 3124 Itaque
862 3061 904 3106 ne
934 3043 1006 3106 tum
1040 3042 1179 3125 quiden,

173 3151 246 3196 cum
287 3130 424 3198 classem
465 3128 604 3198 avaritia
644 3150 681 3197 ac
721 3128 867 3212 nequitia
901 3131 960 3194 tua
998 3129 1178 3213 perdidisti,

172 3217 376 3284 Mamertinis
394 3238 511 3282 narem
528 3217 688 3302 imperare
706 3237 804 3283 ansus
823 3237 871 3299 es3
893 3238 958 3301 quo
977 3220 1129 3302 tempere
1146 3218 1179 3282 in

173 3306 267 3401 tapta
290 3305 404 3388 ¹inopia
430 3307 562 3373 navium
589 3308 746 3388 tantaque
773 3305 960 3376 calamitate
983 3306 1212 3390 provinciam⁶

174 3389 302 3453 et1amsi
328 3393 475 3471 precario
502 3397 611 3458 essent
636 3392 786 3478 rogandi,
813 3397 925 3462 tamen
951 3393 994 3460 ab
1016 3393 1059 3458 iis
1081 3394 1179 3479 impe

165 3476 324 3538 -traretun
364 3475 577 3560 Reprimebat
602 3480 688 3548 emm
711 3480 773 3545 tibi
796 3484 830 3546 et
852 3481 1033 3567 imperandi
1056 3482 1125 3548 rim
1147 3485 1179 3548 et
