2402 3936
159 171 223 236 268
458 169 497 223 IN
517 169 546 224 C.
560 167 715 223 VERREM
734 167 812 224 ACT.
831 167 864 223 H.

158 314 346 380 tabularum
361 317 460 399 atque
477 313 616 400 insignis
632 311 804 396 turpitudo
821 315 996 396 tenentur,
1016 333 1162 398 quaerere

158 402 331 488 incipimus
358 402 398 468 de
420 401 623 486 Carpinatio,
650 401 800 485 quisnam
826 400 856 465 is
878 404 967 466 esset
982 398 1163 483 Verrucius

159 491 288 577 quicum
317 494 432 556 tantae
461 491 616 576 pecuniae
642 489 805 556 rationem
831 489 976 554 haberet.
1028 487 1164 554 Haerere

158 579 268 664 bomo,
290 579 422 664 versun,
443 579 568 644 rubere.
605 577 697 654 Quod
715 579 790 665 lege
810 575 1018 662 excipiuntur
1039 577 1165 642 tabulae

158 668 416 754 publicanorum,
439 687 504 752 quo
524 666 632 732 minus
650 665 791 732 Romam
813 665 1039 751 deportentur,
1062 669 1101 730 ut
1121 681 1185 730 ress

160 778 257 840 quam
280 756 420 822 maxime
442 755 533 821 clara
555 758 588 820 et
610 758 733 820 testata
755 775 826 820 esse
848 758 976 840 posset,
997 755 1037 820 in
1060 754 1111 820 ius
1132 753 1167 818 ad

159 844 328 910 Metellum
351 841 578 929 Carpinatium
609 863 688 909 roco
716 843 913 927 tabulasque
940 843 1115 908 societatis
1138 843 1166 906 in

158 930 267 997 forum
293 931 412 998 defero.
456 930 511 996 Fit
524 932 697 998 ,maximus
720 952 895 998 concursus
918 931 1108 1015 hominum,
1131 934 1166 1014 et,

161 1019 249 1104 quod
276 1024 347 1088 erut
370 1019 541 1106 Carpinati
567 1023 647 1086 nota
672 1020 832 1086 comisto
854 1023 1009 1104 praetore
1034 1020 1166 1086 societas

108 1130 199 1220 77²⁰
215 1109 405 1194 faeneratio,
427 1129 553 1174 summe
576 1110 792 1193 expectabant
814 1129 937 1190 omnes,
959 1109 1119 1192 quidnam
1138 1107 1166 1170 in

108 1234 159 1284 188
178 1197 301 1263 tabulis
324 1201 498 1264 teneretur.
540 1196 623 1262 Rem
646 1197 688 1262 ad
709 1196 879 1262 Metellum
902 1195 1031 1280 defero,
1054 1219 1106 1262 me
1127 1199 1167 1259 ts·

159 1286 255 1352 bulas
286 1285 490 1372 perspexisse
518 1284 692 1368 sociorum,
723 1285 758 1349 in
784 1284 836 1349 bis
864 1284 992 1349 tabulis
1018 1305 1166 1372 magnam

80 1441 85 1450 ,
159 1375 321 1440 rationem
339 1373 375 1439 C.
388 1373 525 1439 Verruci
546 1373 718 1457 permultis
740 1371 929 1438 nominibus
952 1393 1037 1458 esse,
1061 1392 1166 1456 meque

159 1462 221 1526 boc
234 1462 416 1546 perspicere
430 1483 472 1526 ex
489 1463 660 1527 consulum
678 1482 910 1545 mensuumque
928 1461 1074 1546 ratione,
1091 1461 1166 1526 hunc

159 1548 351 1614 Verrucium
369 1570 474 1632 neque
493 1552 568 1614 ante
587 1550 763 1615 adventum
780 1547 816 1615 C.
829 1547 943 1614 Verris
965 1569 1079 1636 neque
1099 1552 1166 1634 post

160 1635 378 1702 decessionem
414 1637 587 1722 quicquam
618 1659 691 1704 cum
723 1637 912 1722 Carpinatio
944 1637 1090 1704 rationis
1118 1637 1165 1700 ha·

159 1725 284 1810 buisse3
310 1726 455 1810 postulo,
482 1730 520 1790 ut
546 1725 628 1790 mihi
654 1726 863 1812 respondeat,
889 1725 946 1810 qui
973 1725 1020 1791 sit
1050 1727 1080 1791 is
1097 1724 1166 1789 Ver·

160 1814 278 1898 rucius,
296 1817 458 1880 mercator
477 1836 520 1880 an
534 1814 782 1902 negotiatorem
799 1817 912 1879 arator
930 1833 973 1879 en
991 1813 1164 1900 pecuarius,

159 1903 196 1968 in
217 1901 329 1968 Sicilia
356 1903 402 1968 sit
428 1921 470 1968 en
495 1903 563 1968 iam
590 1903 771 1968 decesserit.
813 1900 963 1968 Clamare
991 1923 1107 1968 omnes
1133 1921 1164 1964 cr

160 1994 320 2056 conventu
334 1992 495 2056 neminem
508 2011 665 2075 umquam
676 1991 713 2055 in
730 1988 841 2056 Sicilia
857 1990 959 2055 fuisse
968 1989 1163 2056 Verrucium.
1176 2010 1183 2025 ··

159 2077 233 2162 Ego
251 2078 384 2161 instare,
406 2082 444 2143 ut
462 2077 544 2142 milri
560 2078 781 2163 responderet,
803 2078 860 2163 qui
878 2082 972 2162 esset,
996 2079 1058 2144 ubi
1080 2080 1164 2157 esset,

160 2165 245 2229 unde
277 2167 378 2248 esset;
408 2186 465 2230 cur
496 2185 609 2230 servus
642 2167 822 2250 societatis,
854 2167 910 2251 qui
937 2166 1076 2233 tabulas
1099 2183 1163 2230 con-

160 2253 279 2334 ficeret,
302 2269 430 2336 semper
451 2251 637 2318 inVerruci
659 2255 791 2320 nomine
812 2258 902 2320 certo
925 2275 965 2320 ex
988 2255 1064 2321 loco
1087 2274 1163 2320 men·

40 2333 55 2362 ⁰
109 2339 278 2405 isodorus
302 2343 396 2406 esset
440 2340 550 2424 Atque
572 2341 635 2407 hoc
656 2343 875 2428 postulabam,
899 2363 966 2409 non
989 2363 1056 2428 quo
1079 2341 1162 2407 illum

161 2427 234 2513 cogi
252 2431 401 2513 putarem
420 2433 579 2515 oportere,
601 2433 639 2495 ut
661 2431 703 2496 od
724 2451 765 2498 ea
786 2431 868 2496 mihi
889 2431 1104 2516 responderet
1123 2431 1162 2493 in

160 2515 261 2600 vitus,
294 2516 349 2582 sed
381 2520 418 2582 ut
448 2518 598 2584 omnibus
625 2519 722 2584 istius
747 2519 850 2604 furta,
880 2519 971 2584 illius
998 2519 1162 2606 flagitium,

160 2605 329 2690 utriusque
348 2605 483 2671 audacia
499 2607 670 2692 perspicua
688 2627 759 2672 csse
780 2611 902 2692 posset
936 2607 1056 2692 Itaque
1077 2608 1161 2672 illum

160 2693 195 2760 in
212 2694 281 2760 iure
305 2697 394 2760 metu
416 2694 677 2780 conscientiaque
699 2695 824 2779 peccati
847 2699 976 2762 mutum
997 2700 1099 2780 atque
1119 2715 1162 2758 er·

162 2783 341 2848 animatum
374 2803 411 2848 ac
442 2782 497 2847 vix
528 2783 639 2849 vivum
671 2783 833 2870 relinquo,
868 2784 1000 2850 tabulas
1031 2783 1068 2848 in
1098 2779 1187 2938 md

163 2891 290 2936 summe
315 2870 484 2936 hominum
510 2869 695 2955 frequentia
721 2871 882 2955 exscrib03
914 2871 1111 2938 adhibentur
1133 2869 1161 2932 in

162 2959 330 3026 scribendo
368 2979 408 3024 ex
443 2963 604 3024 conventu
633 2959 696 3024 riri
731 2961 892 3046 primarii,
928 2959 1062 3026 litterae
1094 2959 1160 3024 litu-

161 3067 281 3128 raeque
308 3068 418 3113 ornnes
446 3046 657 3112 assimulatae
679 3051 713 3112 et
735 3067 906 3134 expressae
928 3047 967 3114 de
989 3049 1112 3120 tabulis
1130 3046 1161 3108 in
1186 3051 1187 3136 l

110 3143 162 3194 190
180 3131 283 3198 libros
296 3133 544 3200 bansionmtur.
575 3135 666 3202 Haec
679 3137 788 3202 omnia
807 3155 934 3202 summa
951 3155 1031 3202 cura
1048 3141 1083 3202 et
1099 3132 1160 3199 dili
1186 3149 1187 3208 i

162 3221 275 3306 gentis
305 3223 473 3308 recognita
504 3227 538 3288 et
570 3224 690 3290 collata
720 3228 754 3290 et
785 3225 828 3290 ab
858 3225 1045 3291 bominibus
1072 3225 1160 3289 hone

162 3307 315 3372 stissimis
347 3310 522 3395 obsignata
553 3315 637 3376 sunt
687 3309 724 3377 Si
750 3311 959 3398 Carpinatius
990 3313 1073 3378 mihi
1097 3241 1187 3388 tund

161 3393 355 3475 respondere
385 3397 506 3483 noluit,
540 3400 698 3485 responde
729 3405 768 3465 tu
799 3401 880 3466 mihi
910 3419 1017 3484 nunc,
1041 3400 1158 3478 Verres,
1186 3407 1187 3414 ’

162 3497 257 3561 quem
272 3499 342 3542 esse
356 3481 441 3546 hunc
456 3487 550 3550 tuum
568 3509 671 3570 paene
690 3489 847 3574 gentilem
855 3487 1048 3554 Verrucium
1064 3491 1158 3573 putes-
