2404 3928
263 168 330 224 LlB.
348 171 387 224 ΠΙ
414 170 490 226 cAP.
511 177 615 226 90-92
635 178 650 238 ξ
670 179 819 231 alo—21⁶.
982 181 1045 246 357

19 314 73 380 Μ.
86 312 218 379 Antoni
236 314 505 380 aestumationem
523 314 680 382 frumenti
703 318 967 406 exactionemque
990 347 1046 410 pe-

22 401 148 469 cuniae
183 406 392 468 revocaturus
427 403 484 468 es?
534 403 628 490 ‘Ite',
663 405 783 492 inquit,
816 407 874 473 ‘ad
900 409 1046 498 Antoni'3

21 492 92 558 hoc
113 490 203 556 enim
226 490 308 555 mihi
330 490 530 576 significasse
553 496 586 558 et
609 493 760 560 adnuisse
782 495 872 562 visus
895 503 954 563 est.
994 499 1046 565 Ex

22 580 188 645 omnibus
210 579 312 665 igitur
334 581 550 666 praetoribus,
572 583 769 668 consulibus,
792 585 1045 670 imperatoribus

1 669 71 734 sM.
91 667 278 733 Antonium
306 667 457 754 delegisti
484 673 516 734 ct
544 669 613 736 eius
641 693 741 737 unum
765 672 1044 759 improbissimum

21 758 173 840 factum,
201 756 287 840 quod
313 756 492 822 imitarerel
532 755 578 822 Et
604 759 657 825 hio
680 764 791 826 utrum
809 761 891 827 mihi
914 761 1045 831 difficile

25 851 79 910 est
100 845 210 910 dicere
228 865 271 910 an
288 845 339 909 his
359 845 545 910 existimare
562 846 612 912 ita
634 869 668 913 se
691 848 725 912 in
747 850 812 914 isto
836 850 964 918 infinito
986 852 1044 918 im·

24 931 1044 1108 {tttttttrttttetttttttltttt

1 1110 167 1193 uimitari,
190 1131 289 1194 quam
312 1110 340 1174 si
362 1115 474 1194 posset
497 1111 667 1177 defendere
689 1111 771 1177 nihil
794 1112 830 1178 in
851 1114 922 1180 vita
944 1137 978 1181 se
1001 1116 1044 1184 M.

25 1199 159 1264 Antoni
179 1199 285 1264 simile
302 1198 440 1264 fecisse?
475 1198 633 1265 Homines
651 1201 686 1266 in
707 1201 833 1266 iudiciis
857 1203 898 1266 ad
921 1203 1044 1270 eumen

27 1287 284 1369 defendendum,
305 1308 373 1351 non
391 1287 468 1372 quid
489 1287 604 1353 feeerit
626 1288 802 1374 quispiam,
825 1290 970 1375 proferre
994 1313 1043 1357 so·

26 1378 109 1461 lent,
134 1375 193 1441 sed
211 1375 288 1460 quid
305 1375 463 1460 probarit
499 1375 688 1461 Antonium,
711 1397 783 1442 cum
802 1378 908 1444 multa
930 1383 1044 1445 contra

28 1465 197 1532 sociorum
221 1464 374 1548 salutem,
399 1464 503 1528 multa
525 1470 639 1530 contra
660 1465 839 1532 utilitatem
861 1469 1044 1551 prouincia

2 1569 104 1618 rrum
124 1557 159 1616 et
181 1550 304 1617 faceret
327 1555 360 1616 et
383 1553 552 1638 cogitaret,
574 1553 609 1618 in
631 1553 745 1619 mediis
768 1554 896 1620 iniuriis
918 1556 987 1622 eius
1011 1562 1045 1622 et

30 1640 268 1727 cupiditatibus
296 1661 384 1705 mors
407 1641 578 1725 oppressit.
624 1639 673 1706 Tu
695 1642 790 1726 mihi,
818 1644 911 1726 quasi
934 1644 1044 1711 omnia

30 1732 98 1795 eius
134 1728 226 1793 facta
257 1732 354 1812 atque
386 1728 523 1793 consilia
554 1732 699 1812 senatus,
732 1731 886 1815 populus,
921 1730 1042 1798 iudices

30 1816 280 1903 conprobarint,
306 1816 356 1881 ita
376 1814 420 1881 Μ.
439 1816 564 1883 Antoni
586 1817 733 1900 exemplo
756 1817 852 1882 istius
875 1817 1043 1885 audaciam

2 1905 252 2058 »defellliclem
269 1992 348 2058 fecit
366 1991 531 2059 Sacerdos.
571 1992 746 2058 Hominem
764 1993 969 2062 innocentem
992 1999 1025 2061 et
1043 1966 1095 2091 ἐξ

33 2103 163 2148 summa
189 2081 361 2166 prudentia
387 2081 571 2166 praeditum
592 2082 756 2166 nominas,
784 2081 841 2147 sed
863 2086 934 2148 tum
956 2083 1043 2150 idem

31 2172 148 2236 fecisse
182 2170 244 2234 erit
276 2169 532 2255 existumandus,
564 2170 592 2235 si
619 2170 731 2237 eodem
758 2170 895 2237 consilio
921 2171 1042 2239 iecerit.

33 2259 119 2324 Nam
148 2278 252 2344 genus
279 2257 516 2323 aestimationis
543 2259 651 2343 ipsum
674 2281 694 2324 a
716 2281 768 2324 me
792 2281 970 2344 numquam
993 2266 1044 2328 est

32 2347 276 2432 reprehensum,
299 2347 355 2410 sed
373 2346 441 2411 eius
460 2346 608 2431 aequitas
629 2351 794 2413 aratorum
818 2350 987 2415 commodo
1010 2354 1045 2415 et

4 2437 206 2501 ²tvoluntcte
236 2435 455 2520 perpenditur.
503 2433 581 2500 Non
610 2437 721 2519 potest
752 2435 944 2519 reprehendi
975 2438 1045 2503 ulla

34 2522 245 2604 aestumatio,
272 2544 354 2607 quae
382 2522 505 2588 aratori
530 2543 597 2588 non
623 2522 719 2588 modo
746 2522 952 2589 incommoda
976 2546 1043 2589 non

34 2617 98 2695 est,
122 2611 180 2677 sed
203 2611 302 2676 etiam
325 2615 421 2696 grata
443 2614 502 2677 est.
547 2608 703 2677 Sacerdos
726 2614 763 2676 nt
785 2611 821 2676 in
841 2612 1043 2697 prouinciam

33 2701 138 2784 venit,
169 2698 367 2764 frumentum
397 2700 433 2763 in
463 2699 579 2765 cellam
611 2699 793 2784 imperavit.
842 2698 925 2766 Cum
957 2704 1043 2766 esset

35 2793 110 2853 ante
137 2808 259 2853 novum
286 2787 389 2853 tritici
415 2785 541 2852 modius
569 2787 710 2852 denariis
733 2807 766 2873 v,
792 2787 978 2873 petiverunt
1000 2789 1042 2853 ab

5 2877 311 2960 sacerdoteque
334 2879 540 2941 aestumaret.
581 2875 760 2941 Remissior
783 2876 951 2959 aliquanto
974 2877 1043 2942 eius

34 2965 96 3030 luit
133 2964 319 3030 aestimatio
356 2985 454 3048 quam
490 2985 632 3048 annona3
666 2985 743 3028 nam
776 2963 961 3030 aestimavit
993 2964 1044 3028 de·

35 3053 135 3118 uariis
158 3071 207 3117 111.
243 3051 344 3117 Vides
367 3052 501 3117 eandem
524 3051 785 3117 aestimationem
807 3055 942 3137 propter
964 3054 1044 3118 tem·

35 3142 123 3224 poris
152 3139 449 3206 dissimilitudinem
475 3140 510 3205 in
535 3141 595 3206 illo
623 3139 729 3204 laudis
757 3160 887 3205 causam
914 3139 1044 3224 habere,

36 3229 69 3292 in
85 3233 120 3293 te
138 3228 293 3313 criminis,
310 3228 346 3293 in
363 3229 422 3295 illo
440 3229 597 3315 beneficii,
614 3228 649 3293 in
667 3231 701 3292 te
718 3227 865 3293 iniuriae.
900 3227 1025 3295 Eodem
1044 3245 1096 3296 215

8 3319 181 3403 *tempore
195 3316 359 3382 Antonius
378 3317 519 3382 denariis
538 3335 577 3382 111
600 3315 785 3382 aestimavit
807 3319 884 3401 post
906 3338 1045 3383 messem

39 3426 163 3470 summa
176 3405 212 3469 in
224 3405 363 3488 uilitate,
382 3427 454 3472 cum
469 3409 616 3471 aratores
629 3405 828 3471 frumentum
845 3403 921 3472 dare
941 3407 1045 3492 gratis

38 3494 185 3578 mallent,
222 3498 255 3558 et
291 3493 400 3559 aiebat
431 3515 466 3558 se
498 3493 657 3559 tantidem
689 3493 894 3580 aestimasse,
931 3492 1045 3577 quanti
