2386 3938
291 184 359 239 ΗΒ.
378 187 391 240 1
424 185 499 240 off.
519 191 623 241 as-ar
643 193 658 252 s
678 193 789 241 va-ve.
982 188 1045 254 169

40 329 185 412 liberum,
209 349 291 413 qnos
310 332 347 393 tu
370 329 506 394 miseros
528 330 563 394 in
586 333 732 416 egestate
756 333 853 414 atque
875 331 911 394 in
934 332 1045 396 solitu·

40 417 109 480 dine
135 416 315 501 reliquisti,
346 417 492 482 misereri
518 421 637 502 potest.
683 416 844 483 Verresne
871 418 933 483 tibi
960 421 1045 485 tanti

39 505 106 589 fuit,
128 509 167 570 ut
185 505 255 570 eius
273 505 441 571 libidinem
459 506 628 571 bominum
646 506 867 572 innocentium
888 508 1044 593 sanguine

39 594 83 657 lui
109 594 236 658 velles?
280 593 446 660 Idcircone
474 595 649 662 exercitum
677 598 774 679 atque
796 594 926 661 hostem
948 596 1045 660 relin-

21 682 168 765 squebas,
192 685 230 745 ut
248 685 306 746 tua
323 682 358 747 vi
376 686 409 746 et
429 683 620 748 crudelitate
642 682 738 748 istius
761 683 903 750 hominis
925 684 1044 768 impro-

40 770 163 834 bissimi
198 770 343 854 pericula
377 771 585 837 sublevares?
635 769 728 846 Quod
759 772 845 837 enim
878 794 952 838 eum
983 772 1045 836 tibi

41 859 220 942 quaestoris
250 859 285 924 in
312 859 383 924 loco
411 859 641 943 constitueras,
670 859 788 926 idcirco
815 860 879 925 tibi
906 861 1045 926 amicum

40 947 69 1010 in
94 951 290 1031 perpetuum
313 946 382 1012 fore
404 948 552 1032 putasti?
574 947 742 1013 nesciebas
766 949 808 1014 ab
831 971 869 1014 eo
893 948 949 1014 (ln.
969 947 1045 1014 Oar-

40 1035 153 1100 bonem
179 1036 361 1117 consulem,
388 1036 478 1101 cuius
501 1058 537 1101 re
559 1058 636 1102 vera
659 1040 813 1120 quaestor
835 1036 956 1121 fuerat,
978 1058 1046 1102 non

14 1123 314 1207 rectoraticum,
337 1123 515 1190 sedetiam
538 1125 715 1210 spoliatum
739 1124 878 1207 auxiliis,
900 1125 1046 1210 pecunia,

41 1211 157 1276 nefarie
176 1217 415 1297 'oppugnatum
448 1217 481 1277 et
511 1212 699 1297 proditum?
747 1212 911 1297 Expertus
942 1212 1045 1299 igitur

42 1321 70 1362 es
87 1300 185 1364 istius
203 1301 372 1384 perfidiam
390 1305 470 1384 turn,
493 1302 654 1386 cumipse
675 1321 710 1366 se
733 1301 775 1364 ad
797 1300 947 1366 inimicos
969 1305 1044 1366 tuos

43 1388 185 1471 contulit,
203 1409 277 1452 cum
295 1388 330 1452 iu
347 1392 380 1452 te
397 1389 497 1454 homo
515 1390 585 1474 ipse
602 1410 722 1454 nocens
741 1390 934 1454 acerrimum
952 1389 1044 1453 testi·

44 1476 182 1540 monium
201 1475 292 1558 dixit,
314 1498 387 1541 curn
405 1477 548 1543 rationes
567 1477 608 1542 ad
627 1478 788 1543 aerarium
806 1477 871 1542 nisi
889 1478 1043 1544 damnato

18 1567 72 1627 tte
93 1564 213 1628 referre
236 1564 350 1630 noluit.

101 1652 268 1716 Tantaene
291 1656 375 1737 tuae,
398 1651 527 1737 Verres,
554 1653 704 1720 libidines
728 1658 832 1737 erunt,
855 1658 892 1718 ut
915 1676 970 1720 eas
993 1627 1097 1751 aad}

46 1761 110 1822 pere
134 1763 173 1806 aa
196 1740 355 1805 sustinere
378 1762 443 1806 non
465 1741 649 1825 provinciae
670 1742 786 1826 populi
806 1742 956 1826 Romani,
978 1762 1045 1805 non

45 1829 184 1894 ustiones
218 1831 346 1893 exterae
377 1829 525 1912 possint?
564 1834 642 1894 tune
674 1829 760 1912 quod
791 1828 924 1910 videris,
959 1829 1045 1913 quod

48 1917 191 1999 audieris,
215 1917 302 2001 quod
324 1918 537 2001 concupieris,
560 1917 646 2002 quod
669 1917 838 2002 cogitaris,
860 1915 925 1980 nisi
946 1915 981 1978 id
1004 1916 1045 1980 sd

20 2009 152 2069 anuum
180 2008 274 2070 tuum
297 2011 428 2088 praesto
450 2005 563 2090 fuerit,
590 2005 654 2071 nisi
677 2005 804 2070 libidini
826 2008 902 2070 tuae
925 2003 1044 2086 cupidi·
1099 2067 1101 2074 ,

49 2093 163 2177 tatique
181 2093 336 2177 paruerit,
354 2093 572 2159 immittentur
591 2093 748 2177 homines,
772 2093 1045 2179 expugnabuntur

49 2180 165 2264 domus,
189 2181 338 2246 civitates
358 2203 424 2246 non
447 2182 542 2248 modo
566 2186 714 2266 pacatae,
737 2204 851 2247 verum
874 2181 972 2247 etiam
996 2202 1045 2247 so·

50 2269 160 2334 ciorum
189 2273 287 2353 atque
315 2270 493 2335 amicorum
520 2270 561 2335 ad
583 2271 650 2334 vim
673 2274 771 2354 atque
795 2269 836 2336 ad
858 2292 950 2335 arma
973 2292 1045 2336 con·

49 2355 178 2442 fugient,
205 2361 243 2422 ut
271 2359 312 2422 ab
336 2379 371 2424 se
394 2362 492 2443 atque
516 2359 557 2423 ab
580 2357 692 2423 liberis
716 2359 783 2422 suis
807 2359 909 2444 legati
931 2359 1045 2443 populi

21 2442 178 2510 sRcmeni
195 2447 300 2511 scelus
320 2468 357 2511 ac
375 2446 543 2512 libidinem
560 2447 752 2530 propulsare
772 2447 922 2530 possint?
958 2446 1044 2512 Nam

52 2555 158 2614 quaero
172 2535 233 2598 ebs
251 2536 299 2617 te,
316 2535 586 2600 circumsessusne
605 2535 650 2599 sis
663 2534 844 2619 Lampsaci,
861 2535 1045 2620 coeperitne

53 2620 178 2706 domum,
200 2623 236 2686 in
256 2644 320 2706 qua
343 2623 565 2706 deversabare,
587 2623 646 2687 illa
669 2623 844 2689 multitudo
867 2622 1045 2704 incendere,

53 2709 241 2775 voluerintne
262 2711 408 2796 legatum
430 2711 545 2796 populi
562 2710 702 2776 Romani
724 2711 912 2778 comburere
935 2709 1045 2775 vivum

53 2794 259 2883 lampsaceni.
295 2798 426 2885 Negare
443 2821 509 2864 non
532 2802 639 2882 potes,
661 2800 767 2866 babeo
791 2800 877 2864 enim
899 2797 1046 2861 testimo-

24 2884 128 2950 arium
155 2887 349 2971 [publicum]
377 2892 483 2969 tuum,
511 2887 597 2971 quod
624 2887 709 2972 apud
735 2886 899 2952 Neronem
926 2882 1046 2968 dixisti,
1176 2965 1185 2976 a

55 2970 157 3058 habeo,
180 2997 261 3058 quas
284 2976 326 3039 ad
349 2974 483 3040 eundem
506 2975 635 3040 litteras
659 2975 786 3040 misisti.
822 2971 938 3037 Recita
960 2971 1045 3037 hunc
1065 2986 1098 3034 79

55 3058 144 3142 ipsum
163 3064 270 3128 locum
293 3064 332 3128 de
355 3063 551 3128 testimonio.
592 3062 840 3129 Tnsrfflorvwm
863 3057 897 3125 (l.
911 3057 1045 3126 Vnams

55 3163 83 3209 nv
101 3153 372 3218 Aarnnmonun.
418 3149 499 3217 Nou
521 3168 640 3217 nunro
667 3167 753 3216 rosr
780 3167 818 3214 nv
840 3165 967 3214 oonuu
997 3185 1046 3212 -.

57 3231 209 3304 Bellumne
236 3240 359 3324 populo
382 3239 530 3305 Romano
553 3239 773 3323 Lampsacena
800 3236 916 3302 civitas
939 3236 1047 3302 facere

26 3327 239 3394 coenabatur?
263 3328 397 3394 deficere
416 3328 458 3392 ab
481 3327 618 3412 imperio
642 3348 679 3392 ae
700 3325 831 3390 nomine
853 3328 967 3389 nostro
990 3346 1047 3390 vo

58 3407 151 3479 lebat?
194 3414 298 3482 Video
331 3416 417 3481 enim
444 3419 482 3499 ,et
513 3437 551 3479 ex
578 3415 632 3498 iis,
665 3436 746 3499 quae
773 3412 841 3500 legi
869 3415 902 3476 et
929 3412 1047 3494 audivi,

59 3495 208 3589 intellego,
240 3505 276 3568 in
300 3525 372 3600 ,qua
402 3503 535 3568 civitate
561 3525 629 3568 non
654 3503 750 3568 modo
778 3503 907 3587 legatus
933 3499 1047 3583 populi
1166 3495 1185 3569 l
