2404 3928
153 153 219 218 392
328 190 334 204 ·
452 149 492 204 Ill
511 150 539 205 C.
560 149 713 206 VERREM
729 148 809 204 ΔΟΤ.
827 149 862 203 Il.

151 299 188 362 in
212 296 347 362 ultimas
369 299 475 362 terras
498 298 727 381 perventuram
748 294 889 378 putasti,
916 315 990 360 oum
1010 294 1151 359 audirent

153 409 173 454 a
186 389 337 472 praetore
350 383 465 470 populi
476 383 616 448 Romani
629 384 665 446 in
677 383 844 467 provincia
862 383 1022 448 violatum
1039 403 1153 469 regem,

154 475 330 560 spoliatum
356 472 534 556 hospitem,
564 472 702 536 eiectum
729 471 852 536 sooium
880 472 995 557 populi
1020 470 1153 536 Romani

154 567 252 647 atque
284 561 446 627 amioum?
490 559 619 625 Nomen
645 562 790 624 vestrum
816 560 994 646 populique
1020 558 1154 624 Romani

154 652 228 716 odio
239 654 340 734 atqno
353 649 526 714 aeorbitati
543 648 660 714 scitote
676 647 865 712 nationibus
884 648 1015 731 exteris,
1032 647 1174 729 iudioesl

153 740 313 822 futurum,
345 737 374 802 si
404 737 502 801 istius
533 736 613 802 haee
644 740 738 802 tanta
768 735 888 802 iniuria
919 735 1074 821 inpunita
1101 735 1155 800 dis

154 827 295 893 cesserit.
345 823 398 891 Sia
427 846 539 891 omnes
569 824 829 908 arbitrabuntur,
860 825 1060 908 praesertim
1090 846 1154 889 oum

153 916 234 980 haeo
250 913 341 979 fama
359 913 399 978 de
420 916 609 979 nostrorum
631 912 799 978 hominum
821 912 963 978 avaritia
986 917 1021 978 et
1045 912 1154 997 eupidi-

153 1007 223 1069 tate
237 1002 495 1088 ‚perorobruerit
516 1022 583 1066 non
604 1001 700 1066 istius
723 1000 824 1066 solius
847 1000 910 1068 hoo
933 1022 1007 1067 esso
1029 1000 1155 1082 facinus,

155 1093 212 1157 sed
225 1113 337 1157 eorum
351 1091 460 1174 etiam,
478 1089 534 1173 qui
548 1088 768 1172 adprobarint
798 1087 898 1154 Multi
915 1109 1024 1175 reges,
1043 1091 1184 1154 multas

154 1182 278 1246 liberae
309 1179 471 1262 civitates,
502 1177 599 1242 multi
625 1177 746 1262 privati
773 1177 921 1260 opulenti
947 1200 987 1244 ao
1014 1182 1156 1264 potentes

154 1269 277 1334 habent
303 1268 449 1353 profesto
475 1266 511 1330 in
538 1265 646 1332 animo
669 1263 867 1350 Capitolium
896 1265 944 1332 sio
968 1288 1102 1350 ornare,
1126 1269 1157 1330 ut

154 1357 270 1442 templi
302 1355 445 1441 dignitas
476 1354 667 1439 imperiique
698 1354 803 1419 nostii
833 1374 955 1420 nomen
988 1355 1157 1436 desiderat

155 1445 210 1528 qui
227 1444 256 1508 si
273 1443 493 1509 intellexerint
510 1443 690 1508 interverso
708 1442 771 1508 hoo
788 1442 894 1528 regali
912 1442 1000 1508 dono
1021 1443 1156 1530 graviter

154 1553 212 1597 vos
237 1531 366 1615 tulisse,
394 1535 490 1616 grata
511 1530 581 1595 fore
603 1530 697 1595 vobis
719 1531 906 1616 populoque
928 1530 1084 1598 Romano
1106 1544 1185 1596 suaa

154 1620 263 1685 studia
294 1641 332 1685 ao
363 1619 448 1684 dona
476 1619 737 1702 mbitrabuntiu3
767 1619 821 1684 sin
845 1618 908 1686 hoo
935 1641 997 1686 vos
1025 1622 1063 1686 in
1088 1639 1154 1704 rege
1196 1665 1197 1672 ι

153 1715 224 1775 tam
252 1708 370 1791 nobili,
400 1728 437 1772 re
462 1711 533 1773 tam
561 1707 692 1791 eximia,
721 1706 841 1772 iniuria
865 1712 937 1774 tam
965 1710 1087 1775 aoerba
1110 1729 1154 1772 ue
1196 1713 1197 1788 p

155 1798 296 1885 glexisse
315 1796 460 1880 audient,
480 1817 547 1862 non
567 1800 662 1860 amnt
683 1799 753 1861 tam
776 1800 935 1880 amentes,
957 1801 999 1861 ut
1022 1817 1154 1883 operam,

155 1908 279 1970 euram,
310 1885 478 1971 pecuniam
509 1883 687 1985 inpendent
706 1884 750 1949 ·in
777 1905 831 1950 ass
858 1905 923 1968 ros,
957 1906 1043 1969 quas
1070 1884 1153 1952 vobis

102 2034 143 2099 31
156 1972 678 2145 gratfisoofoldooffozdlidsstdldltutld
701 2061 845 2145 appello3
871 2061 989 2145 loquor
1015 2061 1100 2128 onim
1121 1985 1184 2124 de,⁰

102 2112 136 2161 ⁶⁹
154 2154 212 2214 tuo
224 2150 405 2214 clarissimo
418 2148 700 2233 pulcherrimoque
713 2153 933 2216 monumento.
955 2147 1035 2217 Non
1049 2147 1152 2216 iudicis
1195 2171 1196 2222 ι

155 2238 260 2303 solnm
289 2237 496 2302 severitatem
518 2237 554 2302 in
575 2237 637 2302 hoo
659 2237 806 2322 erimine,
833 2237 890 2302 sed
911 2259 1017 2323 propo
1040 2235 1152 2304 inimici

155 2329 251 2410 atque
284 2325 481 2391 accusatoris
513 2325 580 2391 vim
612 2325 774 2410 suseipero
806 2325 911 2392 debes.
957 2327 1049 2394 Tuus
1077 2325 1151 2392 enim

154 2414 259 2480 honos
271 2414 331 2479 illo
349 2414 473 2499 templo
493 2418 624 2480 sanatus
642 2413 818 2500 populique
835 2413 978 2480 Romani
995 2414 1180 2494 beneficio*

154 2503 204 2569 tui
229 2503 370 2569 nominis
399 2507 530 2568 aeterna
557 2502 714 2567 memoria
736 2503 833 2568 simul
857 2525 930 2568 oum
953 2505 1081 2590 templo
1101 2502 1150 2568 illo

154 2597 374 2674 consecratum
391 2591 454 2656 tibi
467 2591 547 2656 haoo
561 2613 638 2656 eura
655 2590 865 2675 suscipienda,
882 2591 945 2658 tibi
963 2593 1046 2658 haee
1064 2610 1150 2676 opera

155 2680 312 2746 sumenda
330 2683 389 2763 est,
411 2684 448 2743 ut
466 2676 674 2763 Capitolium,
698 2701 794 2763 quem
816 2679 858 2745 ad
880 2680 1015 2746 modum
1038 2677 1149 2765 magni·

153 2769 302 2836 fioentius
317 2772 367 2833 est
381 2767 578 2850 restitutum,
596 2767 644 2832 sio
657 2767 818 2853 oopiosius
833 2774 985 2834 ornatum
999 2771 1045 2836 sit
1062 2788 1148 2853 quam

153 2859 230 2941 fuit,
256 2863 297 2924 ut
321 2857 379 2922 illa
404 2857 537 2922 flamma
559 2855 713 2921 divinitus
737 2856 883 2922 extitisse
905 2857 1067 2942 videatur,
1092 2865 1178 2921 nou³⁰

131 2949 237 3030 'quaa
256 2946 378 3011 doloret
400 2943 487 3010 Iovis
511 2943 627 3029 optimi
650 2943 784 3010 maximi
805 2947 973 3031 templum,
996 2947 1054 3012 sed
1075 2963 1148 3029 quae
1193 2981 1194 3024 ;

103 3043 136 3092 '10
154 3033 353 3118 praeclarius
381 3031 703 3119 magnificentiusque
730 3032 926 3116 deposceret.
966 3034 1097 3100 Audisti
1117 3030 1147 3104 Q·
1193 3035 1194 3104 l

152 3119 330 3188 Minucium
345 3121 448 3187 disere
463 3121 551 3186 domi
565 3141 642 3186 suae
657 3121 861 3189 deversatum
880 3143 951 3187 eso
959 3121 1146 3188 Antiochum

153 3229 264 3294 rogem
283 3207 466 3293 Syrasusis3
485 3230 519 3274 so
537 3209 620 3274 illud
637 3209 720 3274 seire
738 3209 779 3274 ad
797 3209 897 3277 istum
915 3231 987 3276 ossa
1006 3211 1145 3286 delatum,

154 3314 188 3356 se
215 3297 298 3358 seira
323 3318 391 3361 non
417 3296 592 3381 redditum3
621 3297 742 3364 audisti
768 3303 802 3362 et
826 3299 937 3364 audies
965 3297 1108 3364 homines
1130 3303 1175 3356 οὔ

153 3384 313 3444 conventu
337 3379 547 3467 Syracusano,
570 3385 627 3468 qui
648 3385 697 3450 ita
718 3384 837 3470 dioant,
859 3408 931 3452 sese
952 3385 1143 3452 audientibus

152 3463 234 3526 illud
255 3461 326 3526 Iovi
354 3468 478 3548 optimo
503 3473 646 3539 maximo
670 3473 813 3539 dicatum
835 3495 905 3540 esse
927 3475 969 3540 ab
992 3495 1068 3562 rego
1089 3471 1144 3536 An·
