2404 3928
274 134 341 192 affl.
360 136 399 194 Ν
431 137 508 196 csP.
527 145 632 196 sr-ss
651 146 666 208 s
685 147 832 199 las-133.
992 145 1056 214 419

39 279 136 364 quod
160 301 291 348 mensas
313 279 489 367 Delphicas
512 304 530 348 e
553 305 728 369 marmore,
756 290 898 353 crateras
922 309 961 354 ex
984 312 1058 356 aere

38 367 299 454 pulcherrimas,
330 370 397 436 vim
428 371 602 438 maximam
633 395 787 441 vasorum
814 372 1058 446 corinthiorum
1099 385 1103 390 ’

40 478 82 521 ex
103 457 259 522 omnibus
278 457 410 524 aedibus
430 460 530 526 sacris
549 461 688 528 abstulit
706 459 883 546 Syracusis.
915 463 1039 550 Itaque,
1060 479 1110 528 132

38 545 186 629 iudices,
217 545 256 629 ii,
287 546 342 631 qui
373 547 520 633 hospites
551 547 592 614 ad
619 571 671 634 ea,
703 571 785 634 quac
812 551 946 619 visenda
973 558 1057 638 sunt,

11 633 159 700 ssolens
186 633 302 700 ducere
329 638 362 702 et
388 657 489 702 unum
516 637 656 722 quidque
684 639 865 724 ostendere,
898 662 979 726 quos
1006 641 1057 707 illi

39 725 265 808 mystagogos
296 727 428 808 vocant,
459 745 649 792 conversam
679 726 745 792 iarn
777 727 901 794 habent
929 729 1057 796 demon-

41 810 245 878 strationem
263 831 364 878 suam.
399 809 496 896 Nam,
518 816 556 878 nt
578 817 654 880 ante
677 815 956 902 demonstrabant,
980 819 1057 903 quid

41 898 170 983 ubique
197 903 295 984 esset,
326 899 406 966 item
432 922 530 985 nunc,
555 900 636 986 ‘quid
662 902 803 988 undique
831 905 977 972 ablatum
1005 907 1058 992 sit,

42 985 236 1053 ostendunt

1 1093 29 1133 sc
115 1073 202 1151 Quid
220 1075 312 1141 tum?
335 1075 529 1144 mediocrine
547 1079 679 1146 tandem
699 1079 809 1148 dolore
833 1102 888 1146 eos
911 1081 1056 1149 adfectos

43 1184 120 1230 esse
138 1163 368 1230 arbitramini?
408 1163 485 1232 Non
502 1165 550 1231 ita
570 1171 630 1252 est,
653 1167 782 1252 iudices,
805 1169 947 1252 primum
971 1171 1057 1254 quod

43 1273 163 1318 omnes
195 1252 353 1339 religione
385 1257 555 1320 moventur
586 1258 620 1320 et
651 1255 728 1321 deos
756 1256 894 1341 patrios,
928 1279 1008 1342 quos
1037 1281 1057 1324 a

43 1340 230 1408 maioribus
249 1346 449 1426 acceperunt,
472 1342 624 1408 colendos
642 1344 706 1410 sibi
730 1343 903 1430 diligenter
926 1350 960 1412 et
981 1347 1056 1413 reti·

44 1429 173 1496 nendos
210 1449 280 1496 osse
312 1429 526 1514 arbitrantur3
563 1430 676 1498 deinde
707 1431 761 1498 hic
793 1437 941 1518 ornatus,
976 1435 1057 1504 haec

8 1535 32 1576 u
45 1539 150 1604 opera
178 1521 275 1602 atque
302 1517 453 1602 artificia,
486 1518 593 1604 signa,
622 1520 754 1588 tabulae
781 1521 888 1607 pictae
915 1522 1063 1590 Graecos*

45 1605 198 1674 homines
229 1604 330 1671 nimio
363 1626 459 1690 opere
492 1606 661 1673 delectant.
710 1608 826 1694 Itaque
856 1632 894 1676 ex
923 1611 1056 1679 illorum

46 1694 260 1780 querimoniis
299 1694 490 1780 intellegere
525 1716 713 1780 possumus,
745 1696 833 1763 »haec
868 1698 934 1764 illis
972 1721 1056 1766 acer·

45 1783 196 1848 bissuma
223 1782 338 1867 videri,
366 1804 448 1867 quae
472 1783 612 1849 forsitan
633 1784 727 1854 nobis
750 1785 836 1851 levia
858 1789 892 1851 et
915 1790 1056 1852 contem·

44 1869 156 1938 nenda
179 1891 249 1936 esse
271 1871 450 1939 videantur.
490 1870 572 1937 Mihi
595 1871 728 1956 credite,
751 1871 884 1957 iudices,
909 1871 1056 1959 (tametsi

10 1962 178 2026 nvosmet
212 1959 301 2043 ipsos
337 1959 417 2027 haec
453 1959 565 2028 eadem
601 1959 711 2026 audire
748 1964 836 2026 certo
868 1961 950 2046 scio)
982 1984 1055 2028 cum

47 2047 173 2116 multas
192 2047 373 2134 acceperint
391 2069 449 2134 per
466 2048 565 2115 hosce
583 2069 684 2116 annos
704 2048 784 2116 socii
806 2053 903 2134 atquc
927 2053 1055 2117 exterae

47 2135 201 2202 nationes
216 2135 419 2204 calamitates
439 2141 472 2203 et
489 2136 633 2222 iniurias,
651 2137 759 2240 nullas
775 2135 890 2205 Graeci
908 2138 1055 2206 homines

47 2223 924 2398 scufleurtarantasiensi
939 2228 1108 2383 cna

15 2416 36 2457 ²⁵
49 2401 169 2466 emisse
185 2421 229 2484 se,
247 2400 343 2465 sicuti
361 2400 446 2465 solet
464 2399 577 2484 dicere,
596 2401 715 2468 credite
733 2401 796 2468 hoo
814 2402 904 2486 mihi,
921 2403 1055 2469 iudices:

48 2489 142 2555 nulla
173 2510 328 2572 umquam
357 2488 472 2554 civitas
499 2492 572 2555 tota
593 2488 675 2556 Asia
701 2493 735 2554 et
762 2488 899 2555 Graecia
925 2490 1056 2576 signum

49 2579 167 2661 ullum,
198 2576 346 2642 tabulam
373 2577 494 2661 pictam
520 2576 632 2660 sacam,
666 2577 770 2642 ullum
798 2577 934 2662 denique
962 2600 1056 2644 orna·

50 2669 197 2730 mentum
225 2664 316 2732 urbis
345 2687 404 2734 sua
430 2664 599 2732 voluntate
627 2665 776 2750 cuiquam
804 2666 960 2750 vendidit3
992 2665 1056 2732 nisi

48 2753 135 2838 forte
168 2751 376 2837 existimatis,
407 2756 621 2839 posteaquam
648 2753 766 2820 iudicia
794 2775 905 2820 severa
932 2753 1055 2820 Romae

16 2842 120 2907 efieri
148 2841 326 2927 desierunt,
352 2840 491 2908 Graecos
518 2841 666 2908 homines
692 2842 772 2908 haec
799 2842 964 2909 venditare
987 2863 1056 2908 coo

49 2930 150 3014 pisse,
186 2951 269 3014 quae
300 2934 371 2996 turn
402 2951 469 2996 non
499 2929 595 2996 modo
625 2951 693 2996 non
723 2930 947 3014 venditabant,
982 2951 1056 2995 cum

49 3018 170 3085 iudicia
187 3018 319 3103 fiebant,
341 3039 452 3086 verum
471 3019 571 3084 etiam
588 3018 790 3102 codmebmt3
814 3022 870 3084 aut
887 3017 952 3084 nisi
972 3018 1056 3084 arbi·

50 3106 184 3173 tramini
210 3104 402 3192 nerano,
434 3105 471 3182 Q.
494 3104 680 3188 Scaevolae,
709 3103 743 3170 0.
767 3103 917 3191 Claudio,
943 3110 1056 3192 poten·

50 3194 186 3262 tissimis
218 3195 417 3279 hominibus,
450 3215 587 3280 quorum
619 3193 801 3260 aedilitates
830 3194 1056 3285 amatissimes

18 3284 199 3368 evicimus,
222 3285 450 3352 commercium
467 3284 606 3350 istarum
623 3304 732 3350 rerum
755 3304 829 3351 cunr
845 3282 976 3352 Graecis
999 3284 1057 3350 ho·

52 3372 193 3438 minibus
219 3393 285 3439 non
307 3371 421 3456 fuisse,
448 3371 503 3457 iis,
530 3371 586 3457 qui
607 3375 684 3457 post
705 3371 897 3439 iudiciorum
921 3372 1056 3440 dissolu·

52 3462 173 3528 tionem
197 3459 316 3528 aediles
338 3461 419 3528 facti
442 3463 531 3543 sunt,
553 3459 662 3526 fuisse.

789 3563 843 3620 27*
