2386 3938
160 169 224 232 168
454 165 495 222 ΙΝ
514 165 810 220 cursualium.
829 166 862 220 ll

158 314 188 378 si
218 312 368 395 dixisset,
402 310 488 395 quod
518 311 582 374 istc
612 309 777 392 iussisset,
807 331 865 394 per
897 309 1039 374 ciusdem
1069 308 1152 372 istius

158 401 291 466 lictores
309 423 331 466 a
347 400 470 485 populo
488 398 659 483 pecuniam
677 402 791 481 pomet
813 397 950 483 exigere
982 395 1066 462 (lum
1085 397 1153 460 baec

159 489 271 554 omnia
286 493 383 554 tantu
399 487 617 568 contentione,
637 485 740 550 tantis
763 485 866 571 copiis
889 489 1073 572 agerentur,
1094 507 1153 548 cum

158 579 254 642 illum
289 578 444 642 miserum
475 575 572 639 multi
606 577 809 656 accusarent,
843 595 939 639 nemo
974 572 1155 654 defenderet,

159 687 296 748 cumque
325 663 501 729 Dolabella
531 685 606 728 cum
637 662 705 725 suis
736 661 910 746 praefectis
942 665 1105 747 pugnaret
1129 661 1174 724 'ns

159 753 305 835 consilio,
323 752 443 816 Verres
465 751 616 816 fortunus
639 749 695 835 agi
717 772 793 814 snas
816 750 947 833 diceret,
969 750 1058 814 idem
1080 749 1157 812 testi·

159 842 304 906 monium
327 839 462 923 diceret,
483 837 570 904 idem
592 843 680 902 esset
701 838 737 902 in
758 838 910 921 consilio,
931 837 1020 902 idem
1044 859 1156 903 accusa·

158 934 265 994 torem
286 931 450 1014 parasset,
476 927 557 992 baec
579 949 654 991 cum
676 927 787 992 omnia
808 927 937 1009 fierent,
961 930 995 990 et
1019 925 1157 991 cumbe

159 1017 280 1082 minem
316 1019 482 1082 constaret
516 1015 671 1097 ocmsum,
709 1019 821 1078 tamen
855 1018 951 1079 tanta
986 1015 1039 1080 vis
1075 1013 1155 1078 istius

159 1105 311 1189 iniuriae,
342 1109 438 1170 tanta
467 1105 503 1168 in
527 1103 594 1196 isto
620 1102 815 1188 improbitas
841 1103 1039 1188 putabatur,
1068 1107 1104 1166 ut
1127 1101 1183 1164 deu

107 1156 352 1282 &Philodamo
371 1215 425 1259 am
448 1193 512 1257 lius
530 1191 805 1276 pronuntiaretis.
840 1189 925 1267 Quid
943 1213 1006 1276 ego
1029 1190 1156 1256 nuncin

159 1283 265 1346 altera
283 1282 410 1347 actione
424 1216 684 1346 anolabellae
702 1279 847 1363 spiritus,
866 1278 944 1363 quid
961 1278 1062 1346 huius
1079 1277 1156 1344 lacri-

159 1392 229 1434 mas
249 1374 283 1434 et
300 1369 563 1435 concursationes
585 1367 759 1452 proferam,
782 1367 859 1451 quid
879 1365 915 1432 0.
932 1365 1086 1451 Neronis,
1106 1365 1156 1430 viri

159 1458 276 1541 optimi
299 1461 397 1542 atque
419 1456 691 1539 innocentissimi,
713 1477 780 1520 non
801 1455 902 1520 nullis
923 1456 960 1520 in
980 1457 1082 1521 rebus
1104 1453 1155 1518 ani·

158 1567 249 1609 mum
274 1545 412 1620 nimium
438 1544 592 1609 timidum
618 1549 716 1629 atque
743 1544 941 1608 demissum?
974 1545 1034 1628 qui
1055 1544 1089 1608 in
1109 1542 1183 1605 illas

158 1654 194 1696 re
221 1632 298 1716 quid
324 1632 431 1698 facere
457 1632 617 1717 potuerit,
642 1654 708 1697 non
734 1631 892 1716 habebat,
918 1632 984 1696 nisi
1009 1632 1107 1714 forte,
1130 1629 1155 1692 id

159 1721 245 1806 quod
277 1742 388 1786 omnes
420 1724 491 1786 tum
522 1721 762 1803 desiderabant,
793 1725 830 1785 ut
857 1724 971 1808 ageret
999 1742 1075 1786 eam
1100 1739 1156 1783 ren

159 1810 228 1875 sine
242 1808 344 1875 Verre
367 1813 401 1874 et
424 1809 493 1874 sine
511 1807 693 1875 Dolabella.
730 1807 890 1893 Quicquid
912 1812 1001 1874 esset
1026 1809 1095 1874 sine
1114 1807 1155 1872 his
1185 1865 1186 1870 ,

159 1902 278 1981 actum,
296 1919 408 1964 omnes
422 1899 613 1983 probarent3
631 1901 702 1962 tum
718 1918 795 1962 vero
814 1898 901 1981 quod
919 1898 1155 1982 pronuntiatum
1185 1897 1186 1900 ’

159 1992 219 2070 est,
241 2008 308 2051 non
329 2008 387 2071 per
405 1984 568 2052 Neronem
590 1985 777 2070 iudicatum,
800 1985 857 2050 sed
878 2007 937 2069 per
956 1985 1183 2052 Dolabellam¹⁹

158 2078 306 2158 ereptum
325 2074 583 2140 existimabatur.
623 2072 864 2140 Condemnatur
888 2072 975 2138 enim
996 2072 1155 2159 perpaucis

159 2161 328 2224 sententiis
356 2159 567 2228 Philodamus
599 2165 633 2227 et
664 2162 733 2227 eius
762 2162 860 2226 filius.
905 2159 1025 2244 Adest,
1058 2163 1155 2238 instat,

158 2251 254 2333 urget
279 2246 468 2333 Dolabella,
500 2254 537 2314 ut
570 2271 669 2334 quam
700 2250 842 2334 primurn
869 2249 973 2314 securi
999 2249 1156 2324 feriantur,

158 2357 222 2419 quo
242 2357 340 2420 quam
359 2336 491 2402 minime
508 2339 606 2404 multi
624 2359 663 2402 ex
683 2337 752 2402 illis
775 2338 814 2402 de
837 2338 931 2403 istius
953 2337 1082 2404 nefario
1105 2356 1155 2400 sce
1184 2395 1185 2400 ,

105 2445 139 2495 ro
158 2423 224 2488 lere
256 2423 366 2489 audire
393 2430 535 2509 possent.
585 2424 803 2492 constituitur
829 2425 963 2491 infero
989 2425 1155 2492 Laodiceae
1165 2431 1185 2474 ³⁶1

158 2512 378 2598 spectaculum
400 2514 552 2579 acerbum
575 2519 609 2579 et
631 2515 786 2579 miserum
809 2518 843 2578 ct
864 2535 963 2601 grave
987 2516 1053 2579 toti
1070 2513 1156 2579 Asiae

157 2599 350 2684 provinciae,
365 2601 497 2686 grandis
510 2606 591 2667 natu
605 2623 722 2687 parens
737 2602 893 2668 adductus
908 2602 949 2668 ad
963 2603 1155 2688 supplicium,
1184 2619 1185 2660 l

158 2709 196 2754 ex
210 2689 315 2754 altera
329 2693 422 2773 parte
444 2689 546 2773 filius,
568 2690 639 2773 ille,
660 2690 749 2774 quod
772 2690 963 2775 pudicitiam
978 2689 1155 2766 liberorum,

157 2775 223 2860 hic,
251 2776 337 2863 quod
363 2777 466 2841 vitam
492 2778 596 2861 patris
618 2778 803 2864 famamque
827 2779 948 2844 sororis
971 2778 1155 2846 defenderat

156 2861 272 2930 Flebat
293 2869 428 2949 uterque
446 2885 513 2930 non
531 2864 570 2930 de
588 2887 646 2931 suo
666 2866 834 2951 supplicio,
858 2867 914 2932 sed
936 2872 1031 2951 pater
1050 2869 1088 2932 de
1105 2862 1184 2929 filiis

156 2956 269 3036 morte,
284 2953 322 3019 de
336 2953 440 3038 patris
454 2953 550 3018 filius.
574 2952 658 3029 Quid
667 2955 875 3020 lacrimarum
884 2955 993 3040 ipsum
1001 2955 1154 3021 Neronem

155 3039 280 3120 putatis
307 3041 512 3125 profudisse?
549 3063 644 3126 quem
667 3042 779 3108 fletum
807 3043 910 3108 totius
930 3043 1030 3110 Asiae
1056 3043 1154 3118 fuisse,

157 3144 250 3208 quem
266 3125 390 3194 luctum
410 3133 443 3194 et
461 3129 620 3216 gemitum
637 3130 955 3216 Lampsacenorum?
978 3132 1081 3196 securi
1094 3148 1154 3194 esse
1183 3141 1184 3164 ¹

155 3233 325 3296 percussos
339 3215 486 3282 homiues
502 3217 689 3284 innoeentes
707 3219 844 3303 nobiles,
859 3220 963 3285 socios
976 3219 1088 3306 populi
1101 3216 1153 3280 lte

157 3299 244 3362 mani
263 3303 359 3384 atque
378 3305 508 3388 amicos,
524 3309 658 3389 propter
676 3306 817 3371 hominis
836 3307 1082 3393 flagitiosissimi
1100 3305 1153 3368 sin·

156 3383 303 3467 gularem
326 3389 505 3472 nequitiam
527 3395 625 3476 atque
647 3393 924 3478 improbissimam
946 3395 1151 3480 cupiditatem.

104 3477 137 3526 ἰτ
221 3465 292 3532 lem
314 3471 393 3556 ism,
420 3472 607 3562 Dolabella,
634 3502 738 3565 neque
761 3503 812 3546 me
835 3482 885 3546 tui
907 3503 1012 3566 neque
1033 3487 1153 3547 tuorum
