<?xml version="1.0" encoding="UTF-8"?>
<!DOCTYPE html PUBLIC "-//W3C//DTD XHTML 1.0 Transitional//EN"
    "http://www.w3.org/TR/xhtml1/DTD/xhtml1-transitional.dtd">
<html xmlns="http://www.w3.org/1999/xhtml" xml:lang="en" lang="en">
 <head>
  <title>
</title>
<meta http-equiv="Content-Type" content="text/html;charset=utf-8" />
  <meta name='ocr-system' content='tesseract 3.04.00' />
  <meta name='ocr-capabilities' content='ocr_page ocr_carea ocr_par ocr_line ocrx_word'/>
</head>
<body>
  <div class='ocr_page' id='page_1' title='image "./mtulliiciceroni02mlgoog/mtulliiciceroni02mlgoog_0155.png"; bbox 0 0 2422 3952; ppageno 0'>
   <div class='ocr_carea' id='block_1_1' title="bbox 166 189 1004 262">
    <p class='ocr_par' dir='ltr' id='par_1_1' title="bbox 166 189 1004 262">
     <span class='ocr_line' id='line_1_1' title="bbox 166 189 1004 262; baseline -0.004 -14"><span class='ocrx_word' id='word_1_1' title='bbox 166 195 209 262; x_wconf 83' lang='lat'><strong>38</strong></span> <span class='ocrx_word' id='word_1_2' title='bbox 334 193 406 249; x_wconf 87' lang='lat' dir='ltr'><strong>PRO</strong></span> <span class='ocrx_word' id='word_1_3' title='bbox 426 191 502 248; x_wconf 79' lang='lat' dir='ltr'>SEX.</span> <span class='ocrx_word' id='word_1_4' title='bbox 521 189 650 246; x_wconf 84' lang='lat' dir='ltr'><strong>ROSCIO</strong></span> <span class='ocrx_word' id='word_1_5' title='bbox 670 189 837 245; x_wconf 83' lang='lat' dir='ltr'><strong>AMERINO</strong></span> <span class='ocrx_word' id='word_1_6' title='bbox 856 189 1004 247; x_wconf 86' lang='lat' dir='ltr'><strong>ORATIO.</strong></span> 
     </span>
    </p>
   </div>
   <div class='ocr_carea' id='block_1_2' title="bbox 118 334 1203 3605">
    <p class='ocr_par' dir='ltr' id='par_1_2' title="bbox 165 334 1173 427">
     <span class='ocr_line' id='line_1_2' title="bbox 165 334 1173 427; baseline -0.001 -23"><span class='ocrx_word' id='word_1_7' title='bbox 165 339 328 427; x_wconf 88' lang='lat' dir='ltr'><strong>proximo,</strong></span> <span class='ocrx_word' id='word_1_8' title='bbox 358 360 431 405; x_wconf 84' lang='lat' dir='ltr'><strong>cum</strong></span> <span class='ocrx_word' id='word_1_9' title='bbox 459 335 602 402; x_wconf 87' lang='lat' dir='ltr'><strong>omniurn</strong></span> <span class='ocrx_word' id='word_1_10' title='bbox 624 335 785 400; x_wconf 88' lang='lat' dir='ltr'><strong>nobilium</strong></span> <span class='ocrx_word' id='word_1_11' title='bbox 809 334 952 422; x_wconf 77' lang='lat' dir='ltr'><strong>dignitas</strong></span> <span class='ocrx_word' id='word_1_12' title='bbox 978 341 1010 401; x_wconf 92' lang='lat' dir='ltr'><strong>et</strong></span> <span class='ocrx_word' id='word_1_13' title='bbox 1034 338 1117 402; x_wconf 90' lang='lat' dir='ltr'><strong>salus</strong></span> <span class='ocrx_word' id='word_1_14' title='bbox 1140 340 1173 403; x_wconf 92' lang='lat' dir='ltr'><strong>in</strong></span> 
     </span>
    </p>

    <p class='ocr_par' dir='ltr' id='par_1_3' title="bbox 167 423 1172 510">
     <span class='ocr_line' id='line_1_3' title="bbox 167 423 1172 510; baseline -0.002 -16"><span class='ocrx_word' id='word_1_15' title='bbox 167 429 340 494; x_wconf 79' lang='lat' dir='ltr'><strong>discrimen</strong></span> <span class='ocrx_word' id='word_1_16' title='bbox 362 427 495 509; x_wconf 84' lang='lat' dir='ltr'><strong>veniret,</strong></span> <span class='ocrx_word' id='word_1_17' title='bbox 518 428 647 510; x_wconf 86' lang='lat' dir='ltr'><strong>praeter</strong></span> <span class='ocrx_word' id='word_1_18' title='bbox 670 427 795 489; x_wconf 88' lang='lat' dir='ltr'><strong>ceteros</strong></span> <span class='ocrx_word' id='word_1_19' title='bbox 813 423 849 488; x_wconf 93' lang='lat' dir='ltr'><strong>in</strong></span> <span class='ocrx_word' id='word_1_20' title='bbox 867 445 906 488; x_wconf 89' lang='lat' dir='ltr'><strong>sa</strong></span> <span class='ocrx_word' id='word_1_21' title='bbox 924 424 1090 490; x_wconf 72' lang='lat' dir='ltr'><strong>vicinitate</strong></span> <span class='ocrx_word' id='word_1_22' title='bbox 1104 447 1172 492; x_wconf 87' lang='lat' dir='ltr'><strong>eam</strong></span> 
     </span>
    </p>

    <p class='ocr_par' dir='ltr' id='par_1_4' title="bbox 167 510 1173 603">
     <span class='ocr_line' id='line_1_4' title="bbox 167 510 1173 603; baseline -0.004 -20"><span class='ocrx_word' id='word_1_23' title='bbox 167 521 295 603; x_wconf 89' lang='lat' dir='ltr'><strong>partem</strong></span> <span class='ocrx_word' id='word_1_24' title='bbox 318 536 512 598; x_wconf 85' lang='lat' dir='ltr'><strong>causamque</strong></span> <span class='ocrx_word' id='word_1_25' title='bbox 536 534 644 598; x_wconf 90' lang='lat' dir='ltr'><strong>opera,</strong></span> <span class='ocrx_word' id='word_1_26' title='bbox 666 510 784 596; x_wconf 89' lang='lat' dir='ltr'><strong>studio,</strong></span> <span class='ocrx_word' id='word_1_27' title='bbox 810 513 1005 578; x_wconf 86' lang='lat' dir='ltr'><strong>auctoritate</strong></span> <span class='ocrx_word' id='word_1_28' title='bbox 1029 513 1173 579; x_wconf 79' lang='lat' dir='ltr'><strong>defendit.</strong></span> 
     </span>
    </p>

    <p class='ocr_par' dir='ltr' id='par_1_5' title="bbox 167 601 1173 688">
     <span class='ocr_line' id='line_1_5' title="bbox 167 601 1173 688; baseline -0.005 -15"><span class='ocrx_word' id='word_1_29' title='bbox 167 606 299 673; x_wconf 79' lang='lat' dir='ltr'><strong>Etenim</strong></span> <span class='ocrx_word' id='word_1_30' title='bbox 309 608 432 669; x_wconf 85' lang='lat' dir='ltr'><strong>rectum</strong></span> <span class='ocrx_word' id='word_1_31' title='bbox 442 602 581 687; x_wconf 87' lang='lat' dir='ltr'><strong>putabat</strong></span> <span class='ocrx_word' id='word_1_32' title='bbox 589 622 650 686; x_wconf 88' lang='lat' dir='ltr'><strong>pro</strong></span> <span class='ocrx_word' id='word_1_33' title='bbox 665 621 776 666; x_wconf 88' lang='lat' dir='ltr'><strong>eorum</strong></span> <span class='ocrx_word' id='word_1_34' title='bbox 790 601 961 667; x_wconf 86' lang='lat' dir='ltr'><strong>honestate</strong></span> <span class='ocrx_word' id='word_1_35' title='bbox 976 623 1012 667; x_wconf 89' lang='lat' dir='ltr'><strong>se</strong></span> <span class='ocrx_word' id='word_1_36' title='bbox 1025 621 1173 688; x_wconf 86' lang='lat' dir='ltr'><strong>pugnare,</strong></span> 
     </span>
    </p>

    <p class='ocr_par' dir='ltr' id='par_1_6' title="bbox 167 689 1194 864">
     <span class='ocr_line' id='line_1_6' title="bbox 167 689 1194 780; baseline -0.003 -20"><span class='ocrx_word' id='word_1_37' title='bbox 167 697 302 780; x_wconf 87' lang='lat' dir='ltr'><strong>propter</strong></span> <span class='ocrx_word' id='word_1_38' title='bbox 325 713 405 776; x_wconf 87' lang='lat' dir='ltr'><strong>quos</strong></span> <span class='ocrx_word' id='word_1_39' title='bbox 428 691 498 775; x_wconf 89' lang='lat' dir='ltr'><strong>ipse</strong></span> <span class='ocrx_word' id='word_1_40' title='bbox 521 689 771 754; x_wconf 87' lang='lat' dir='ltr'><strong>honestissimus</strong></span> <span class='ocrx_word' id='word_1_41' title='bbox 788 689 875 754; x_wconf 89' lang='lat' dir='ltr'><strong>inter</strong></span> <span class='ocrx_word' id='word_1_42' title='bbox 894 711 970 756; x_wconf 90' lang='lat' dir='ltr'><strong>suos</strong></span> <span class='ocrx_word' id='word_1_43' title='bbox 988 692 1194 758; x_wconf 80' lang='lat' dir='ltr'><strong>numerabo-5</strong></span> 
     </span>
     <span class='ocr_line' id='line_1_7' title="bbox 168 777 1173 864; baseline -0.002 -17"><span class='ocrx_word' id='word_1_44' title='bbox 168 787 230 848; x_wconf 90' lang='lat' dir='ltr'><strong>tur.</strong></span> <span class='ocrx_word' id='word_1_45' title='bbox 275 781 493 863; x_wconf 78' lang='lat' dir='ltr'><strong>Posteaquam</strong></span> <span class='ocrx_word' id='word_1_46' title='bbox 516 778 653 844; x_wconf 90' lang='lat' dir='ltr'><strong>victoria</strong></span> <span class='ocrx_word' id='word_1_47' title='bbox 675 777 855 843; x_wconf 85' lang='lat' dir='ltr'><strong>constituta</strong></span> <span class='ocrx_word' id='word_1_48' title='bbox 878 782 928 843; x_wconf 92' lang='lat' dir='ltr'><strong>est</strong></span> <span class='ocrx_word' id='word_1_49' title='bbox 952 779 993 844; x_wconf 92' lang='lat' dir='ltr'><strong>ab</strong></span> <span class='ocrx_word' id='word_1_50' title='bbox 1018 780 1173 864; x_wconf 88' lang='lat' dir='ltr'><strong>armisque</strong></span> 
     </span>
    </p>

    <p class='ocr_par' dir='ltr' id='par_1_7' title="bbox 168 866 1173 963">
     <span class='ocr_line' id='line_1_8' title="bbox 168 866 1173 963; baseline -0.001 -28"><span class='ocrx_word' id='word_1_51' title='bbox 168 868 369 952; x_wconf 78' lang='lat' dir='ltr'><strong>recessimus,</strong></span> <span class='ocrx_word' id='word_1_52' title='bbox 386 889 459 933; x_wconf 87' lang='lat' dir='ltr'><strong>oum</strong></span> <span class='ocrx_word' id='word_1_53' title='bbox 475 866 755 963; x_wconf 72' lang='lat' dir='ltr'><strong>pqpscriberentur</strong></span> <span class='ocrx_word' id='word_1_54' title='bbox 767 866 916 932; x_wconf 90' lang='lat' dir='ltr'><strong>homines</strong></span> <span class='ocrx_word' id='word_1_55' title='bbox 930 869 1031 952; x_wconf 88' lang='lat' dir='ltr'><strong>atque</strong></span> <span class='ocrx_word' id='word_1_56' title='bbox 1045 869 1173 934; x_wconf 86' lang='lat' dir='ltr'><strong>exomni</strong></span> 
     </span>
    </p>

    <p class='ocr_par' dir='ltr' id='par_1_8' title="bbox 168 954 1175 1045">
     <span class='ocr_line' id='line_1_9' title="bbox 168 954 1175 1045; baseline -0.002 -23"><span class='ocrx_word' id='word_1_57' title='bbox 168 957 301 1045; x_wconf 89' lang='lat' dir='ltr'><strong>regione</strong></span> <span class='ocrx_word' id='word_1_58' title='bbox 319 960 511 1042; x_wconf 89' lang='lat' dir='ltr'><strong>caperentur</strong></span> <span class='ocrx_word' id='word_1_59' title='bbox 528 955 562 1038; x_wconf 91' lang='lat' dir='ltr'><strong>ii,</strong></span> <span class='ocrx_word' id='word_1_60' title='bbox 581 954 637 1039; x_wconf 88' lang='lat' dir='ltr'><strong>qui</strong></span> <span class='ocrx_word' id='word_1_61' title='bbox 656 955 834 1020; x_wconf 84' lang='lat' dir='ltr'><strong>adversarii</strong></span> <span class='ocrx_word' id='word_1_62' title='bbox 851 955 952 1021; x_wconf 88' lang='lat' dir='ltr'><strong>fuisse</strong></span> <span class='ocrx_word' id='word_1_63' title='bbox 971 958 1175 1041; x_wconf 89' lang='lat' dir='ltr'><strong>putabantur,</strong></span> 
     </span>
    </p>

    <p class='ocr_par' dir='ltr' id='par_1_9' title="bbox 170 1042 1174 1128">
     <span class='ocr_line' id='line_1_10' title="bbox 170 1042 1174 1128; baseline -0.001 -16"><span class='ocrx_word' id='word_1_64' title='bbox 170 1050 240 1113; x_wconf 91' lang='lat' dir='ltr'><strong>erat</strong></span> <span class='ocrx_word' id='word_1_65' title='bbox 272 1046 328 1111; x_wconf 93' lang='lat' dir='ltr'><strong>ille</strong></span> <span class='ocrx_word' id='word_1_66' title='bbox 361 1045 483 1112; x_wconf 88' lang='lat' dir='ltr'><strong>Romae</strong></span> <span class='ocrx_word' id='word_1_67' title='bbox 513 1042 663 1128; x_wconf 85' lang='lat' dir='ltr'><strong>frequens</strong></span> <span class='ocrx_word' id='word_1_68' title='bbox 697 1047 795 1127; x_wconf 88' lang='lat' dir='ltr'><strong>atque</strong></span> <span class='ocrx_word' id='word_1_69' title='bbox 825 1044 862 1108; x_wconf 95' lang='lat' dir='ltr'><strong>in</strong></span> <span class='ocrx_word' id='word_1_70' title='bbox 888 1042 960 1110; x_wconf 89' lang='lat' dir='ltr'><strong>foro</strong></span> <span class='ocrx_word' id='word_1_71' title='bbox 995 1049 1029 1110; x_wconf 92' lang='lat' dir='ltr'><strong>et</strong></span> <span class='ocrx_word' id='word_1_72' title='bbox 1060 1044 1095 1111; x_wconf 90' lang='lat' dir='ltr'><strong>in</strong></span> <span class='ocrx_word' id='word_1_73' title='bbox 1126 1067 1174 1111; x_wconf 87' lang='lat' dir='ltr'><strong>ore</strong></span> 
     </span>
    </p>

    <p class='ocr_par' dir='ltr' id='par_1_10' title="bbox 168 1131 1200 1307">
     <span class='ocr_line' id='line_1_11' title="bbox 169 1131 1200 1218; baseline -0.003 -17"><span class='ocrx_word' id='word_1_74' title='bbox 169 1135 314 1202; x_wconf 91' lang='lat' dir='ltr'><strong>omnium</strong></span> <span class='ocrx_word' id='word_1_75' title='bbox 331 1133 448 1201; x_wconf 89' lang='lat' dir='ltr'><strong>cotidie</strong></span> <span class='ocrx_word' id='word_1_76' title='bbox 467 1131 666 1216; x_wconf 83' lang='lat' dir='ltr'><strong>versabatur,</strong></span> <span class='ocrx_word' id='word_1_77' title='bbox 690 1131 795 1218; x_wconf 89' lang='lat' dir='ltr'><strong>magis</strong></span> <span class='ocrx_word' id='word_1_78' title='bbox 815 1135 853 1198; x_wconf 86' lang='lat' dir='ltr'><strong>ut</strong></span> <span class='ocrx_word' id='word_1_79' title='bbox 875 1132 1022 1199; x_wconf 84' lang='lat' dir='ltr'><strong>exultare</strong></span> <span class='ocrx_word' id='word_1_80' title='bbox 1044 1134 1174 1200; x_wconf 81' lang='lat' dir='ltr'><strong>victoria</strong></span> <span class='ocrx_word' id='word_1_81' title='bbox 1186 1161 1200 1199; x_wconf 82' lang='lat' dir='ltr'><strong>u</strong></span> 
     </span>
     <span class='ocr_line' id='line_1_12' title="bbox 168 1219 1174 1307; baseline -0.003 -18"><span class='ocrx_word' id='word_1_82' title='bbox 168 1222 353 1289; x_wconf 81' lang='lat' dir='ltr'><strong>nobilitatis</strong></span> <span class='ocrx_word' id='word_1_83' title='bbox 372 1222 535 1288; x_wconf 88' lang='lat' dir='ltr'><strong>videretur</strong></span> <span class='ocrx_word' id='word_1_84' title='bbox 554 1241 653 1307; x_wconf 89' lang='lat' dir='ltr'><strong>quam</strong></span> <span class='ocrx_word' id='word_1_85' title='bbox 670 1219 796 1303; x_wconf 88' lang='lat' dir='ltr'><strong>timere,</strong></span> <span class='ocrx_word' id='word_1_86' title='bbox 818 1220 954 1305; x_wconf 91' lang='lat' dir='ltr'><strong>nequid</strong></span> <span class='ocrx_word' id='word_1_87' title='bbox 974 1242 1014 1286; x_wconf 83' lang='lat' dir='ltr'><strong>ex</strong></span> <span class='ocrx_word' id='word_1_88' title='bbox 1037 1244 1076 1288; x_wconf 88' lang='lat' dir='ltr'><strong>ea</strong></span> <span class='ocrx_word' id='word_1_89' title='bbox 1093 1224 1174 1288; x_wconf 82' lang='lat' dir='ltr'><strong>aala-</strong></span> 
     </span>
    </p>

    <p class='ocr_par' dir='ltr' id='par_1_11' title="bbox 169 1309 571 1378">
     <span class='ocr_line' id='line_1_13' title="bbox 169 1309 571 1378; baseline -0.012 0"><span class='ocrx_word' id='word_1_90' title='bbox 169 1312 298 1378; x_wconf 64' lang='lat' dir='ltr'><strong>mitatis&#39;</strong></span> <span class='ocrx_word' id='word_1_91' title='bbox 319 1311 383 1377; x_wconf 89' lang='lat' dir='ltr'><strong>sibi</strong></span> <span class='ocrx_word' id='word_1_92' title='bbox 405 1309 571 1376; x_wconf 87' lang='lat' dir='ltr'><strong>accideret.</strong></span> 
     </span>
    </p>

    <p class='ocr_par' dir='ltr' id='par_1_12' title="bbox 119 1397 1203 1928">
     <span class='ocr_line' id='line_1_14' title="bbox 119 1397 1174 1474; baseline -0.004 -8"><span class='ocrx_word' id='word_1_93' title='bbox 119 1427 150 1474; x_wconf 79' lang='lat'><strong>17</strong></span> <span class='ocrx_word' id='word_1_94' title='bbox 235 1399 341 1466; x_wconf 79' lang='lat' dir='ltr'><strong>Erant</strong></span> <span class='ocrx_word' id='word_1_95' title='bbox 369 1399 398 1464; x_wconf 88' lang='lat' dir='ltr'><strong>ei</strong></span> <span class='ocrx_word' id='word_1_96' title='bbox 423 1403 550 1464; x_wconf 83' lang='lat' dir='ltr'><strong>veteres</strong></span> <span class='ocrx_word' id='word_1_97' title='bbox 576 1397 765 1463; x_wconf 91' lang='lat' dir='ltr'><strong>inimicitiae</strong></span> <span class='ocrx_word' id='word_1_98' title='bbox 795 1419 869 1465; x_wconf 86' lang='lat' dir='ltr'><strong>cum</strong></span> <span class='ocrx_word' id='word_1_99' title='bbox 900 1398 1028 1465; x_wconf 88' lang='lat' dir='ltr'><strong>duobus</strong></span> <span class='ocrx_word' id='word_1_100' title='bbox 1055 1399 1174 1466; x_wconf 82' lang='lat' dir='ltr'><strong>Rosciis</strong></span> 
     </span>
     <span class='ocr_line' id='line_1_15' title="bbox 169 1486 1174 1570; baseline -0.001 -17"><span class='ocrx_word' id='word_1_101' title='bbox 169 1487 343 1570; x_wconf 84' lang='lat' dir='ltr'><strong>Amerinis,</strong></span> <span class='ocrx_word' id='word_1_102' title='bbox 367 1487 504 1570; x_wconf 88' lang='lat' dir='ltr'><strong>quorum</strong></span> <span class='ocrx_word' id='word_1_103' title='bbox 523 1486 661 1551; x_wconf 89' lang='lat' dir='ltr'><strong>alterum</strong></span> <span class='ocrx_word' id='word_1_104' title='bbox 680 1487 791 1552; x_wconf 89' lang='lat' dir='ltr'><strong>sedere</strong></span> <span class='ocrx_word' id='word_1_105' title='bbox 808 1487 844 1550; x_wconf 91' lang='lat' dir='ltr'><strong>in</strong></span> <span class='ocrx_word' id='word_1_106' title='bbox 863 1489 1174 1554; x_wconf 83' lang='lat' dir='ltr'><strong>accusatorumsub·</strong></span> 
     </span>
     <span class='ocr_line' id='line_1_16' title="bbox 170 1574 1199 1662; baseline -0.003 -21"><span class='ocrx_word' id='word_1_107' title='bbox 170 1575 272 1642; x_wconf 89' lang='lat' dir='ltr'><strong>selliis</strong></span> <span class='ocrx_word' id='word_1_108' title='bbox 299 1574 407 1659; x_wconf 84' lang='lat' dir='ltr'><strong>video,</strong></span> <span class='ocrx_word' id='word_1_109' title='bbox 435 1575 574 1639; x_wconf 85' lang='lat' dir='ltr'><strong>alterum</strong></span> <span class='ocrx_word' id='word_1_110' title='bbox 600 1575 666 1640; x_wconf 90' lang='lat' dir='ltr'><strong>tria</strong></span> <span class='ocrx_word' id='word_1_111' title='bbox 693 1574 825 1640; x_wconf 88' lang='lat' dir='ltr'><strong>huiusce</strong></span> <span class='ocrx_word' id='word_1_112' title='bbox 852 1575 986 1661; x_wconf 87' lang='lat' dir='ltr'><strong>praedia</strong></span> <span class='ocrx_word' id='word_1_113' title='bbox 1015 1577 1199 1662; x_wconf 73' lang='lat' dir='ltr'><strong>possideres</strong></span> 
     </span>
     <span class='ocr_line' id='line_1_17' title="bbox 166 1661 1203 1752; baseline 0 -23"><span class='ocrx_word' id='word_1_114' title='bbox 166 1663 279 1748; x_wconf 83' lang='lat' dir='ltr'><strong>audio3</strong></span> <span class='ocrx_word' id='word_1_115' title='bbox 304 1683 384 1749; x_wconf 89' lang='lat' dir='ltr'><strong>quas</strong></span> <span class='ocrx_word' id='word_1_116' title='bbox 402 1661 590 1728; x_wconf 89' lang='lat' dir='ltr'><strong>inimicitias</strong></span> <span class='ocrx_word' id='word_1_117' title='bbox 609 1662 638 1727; x_wconf 88' lang='lat' dir='ltr'><strong>si</strong></span> <span class='ocrx_word' id='word_1_118' title='bbox 660 1666 729 1728; x_wconf 89' lang='lat' dir='ltr'><strong>tam</strong></span> <span class='ocrx_word' id='word_1_119' title='bbox 752 1685 866 1729; x_wconf 83' lang='lat' dir='ltr'><strong>cavere</strong></span> <span class='ocrx_word' id='word_1_120' title='bbox 888 1664 1061 1750; x_wconf 89' lang='lat' dir='ltr'><strong>potuisset,</strong></span> <span class='ocrx_word' id='word_1_121' title='bbox 1086 1687 1175 1752; x_wconf 90' lang='lat' dir='ltr'><strong>quam</strong></span> <span class='ocrx_word' id='word_1_122' title='bbox 1202 1703 1203 1709; x_wconf 23' lang='grc' dir='ltr'><strong>κ</strong></span> 
     </span>
     <span class='ocr_line' id='line_1_18' title="bbox 170 1750 1203 1839; baseline -0.004 -19"><span class='ocrx_word' id='word_1_123' title='bbox 170 1757 313 1820; x_wconf 88' lang='lat' dir='ltr'><strong>metuere</strong></span> <span class='ocrx_word' id='word_1_124' title='bbox 332 1751 469 1836; x_wconf 83' lang='lat' dir='ltr'><strong>solebat,</strong></span> <span class='ocrx_word' id='word_1_125' title='bbox 489 1750 622 1816; x_wconf 76' lang='lat' dir='ltr'><strong>viveret.</strong></span> <span class='ocrx_word' id='word_1_126' title='bbox 658 1751 771 1836; x_wconf 90' lang='lat' dir='ltr'><strong>Neque</strong></span> <span class='ocrx_word' id='word_1_127' title='bbox 792 1752 887 1836; x_wconf 88' lang='lat' dir='ltr'><strong>enim,</strong></span> <span class='ocrx_word' id='word_1_128' title='bbox 909 1752 1042 1839; x_wconf 88' lang='lat' dir='ltr'><strong>iudices,</strong></span> <span class='ocrx_word' id='word_1_129' title='bbox 1064 1754 1175 1820; x_wconf 88' lang='lat' dir='ltr'><strong>iniuria</strong></span> <span class='ocrx_word' id='word_1_130' title='bbox 1202 1763 1203 1770; x_wconf 77' lang='grc'>’</span> 
     </span>
     <span class='ocr_line' id='line_1_19' title="bbox 169 1838 1203 1928; baseline -0.005 -19"><span class='ocrx_word' id='word_1_131' title='bbox 169 1841 344 1909; x_wconf 77' lang='lat' dir='ltr'><strong>metuebat.</strong></span> <span class='ocrx_word' id='word_1_132' title='bbox 380 1839 466 1907; x_wconf 87' lang='lat' dir='ltr'><strong>Nam</strong></span> <span class='ocrx_word' id='word_1_133' title='bbox 485 1839 548 1906; x_wconf 93' lang='lat' dir='ltr'><strong>duo</strong></span> <span class='ocrx_word' id='word_1_134' title='bbox 566 1840 622 1905; x_wconf 89' lang='lat' dir='ltr'><strong>isti</strong></span> <span class='ocrx_word' id='word_1_135' title='bbox 643 1843 720 1905; x_wconf 85' lang='lat' dir='ltr'><strong>sunt</strong></span> <span class='ocrx_word' id='word_1_136' title='bbox 737 1839 773 1904; x_wconf 98' lang='grc' dir='ltr'><strong>Τ.</strong></span> <span class='ocrx_word' id='word_1_137' title='bbox 787 1839 897 1907; x_wconf 83' lang='lat' dir='ltr'><strong>Roscii</strong></span> <span class='ocrx_word' id='word_1_138' title='bbox 914 1838 1069 1928; x_wconf 92' lang='lat' dir='ltr'><strong>(quorum</strong></span> <span class='ocrx_word' id='word_1_139' title='bbox 1089 1842 1175 1908; x_wconf 90' lang='lat' dir='ltr'><strong>alteri</strong></span> <span class='ocrx_word' id='word_1_140' title='bbox 1202 1852 1203 1889; x_wconf 71' lang='lat'><em>³</em></span> 
     </span>
    </p>

    <p class='ocr_par' dir='ltr' id='par_1_13' title="bbox 170 1928 1176 2018">
     <span class='ocr_line' id='line_1_20' title="bbox 170 1928 1176 2018; baseline -0.002 -21"><span class='ocrx_word' id='word_1_141' title='bbox 170 1929 323 2016; x_wconf 78' lang='lat' dir='ltr'><strong>Capitoni</strong></span> <span class='ocrx_word' id='word_1_142' title='bbox 346 1949 525 2016; x_wconf 82' lang='lat' dir='ltr'><strong>cognomen</strong></span> <span class='ocrx_word' id='word_1_143' title='bbox 548 1933 606 2011; x_wconf 89' lang='lat' dir='ltr'><strong>est,</strong></span> <span class='ocrx_word' id='word_1_144' title='bbox 629 1928 701 2011; x_wconf 88' lang='lat' dir='ltr'><strong>iste,</strong></span> <span class='ocrx_word' id='word_1_145' title='bbox 724 1929 780 2013; x_wconf 91' lang='lat' dir='ltr'><strong>qui</strong></span> <span class='ocrx_word' id='word_1_146' title='bbox 802 1929 904 2014; x_wconf 89' lang='lat' dir='ltr'><strong>adest,</strong></span> <span class='ocrx_word' id='word_1_147' title='bbox 925 1928 1067 2018; x_wconf 90' lang='lat' dir='ltr'><strong>Magnus</strong></span> <span class='ocrx_word' id='word_1_148' title='bbox 1092 1953 1176 1998; x_wconf 83' lang='lat' dir='ltr'><strong>voca·</strong></span> 
     </span>
    </p>

    <p class='ocr_par' dir='ltr' id='par_1_14' title="bbox 170 2016 1198 2106">
     <span class='ocr_line' id='line_1_21' title="bbox 170 2016 1198 2106; baseline -0.003 -22"><span class='ocrx_word' id='word_1_149' title='bbox 170 2017 240 2106; x_wconf 90' lang='lat' dir='ltr'><strong>tur)</strong></span> <span class='ocrx_word' id='word_1_150' title='bbox 263 2018 411 2083; x_wconf 90' lang='lat' dir='ltr'><strong>homines</strong></span> <span class='ocrx_word' id='word_1_151' title='bbox 435 2018 503 2082; x_wconf 87' lang='lat' dir='ltr'><strong>eius</strong></span> <span class='ocrx_word' id='word_1_152' title='bbox 526 2016 626 2081; x_wconf 88' lang='lat' dir='ltr'><strong>modi:</strong></span> <span class='ocrx_word' id='word_1_153' title='bbox 654 2018 738 2082; x_wconf 87' lang='lat' dir='ltr'><strong>alter</strong></span> <span class='ocrx_word' id='word_1_154' title='bbox 759 2017 975 2103; x_wconf 86' lang='lat' dir='ltr'><strong>plurimarum</strong></span> <span class='ocrx_word' id='word_1_155' title='bbox 997 2022 1175 2106; x_wconf 88' lang='lat' dir='ltr'><strong>palmarum</strong></span> <span class='ocrx_word' id='word_1_156' title='bbox 1185 2043 1198 2081; x_wconf 79' lang='lat' dir='ltr'><strong>a</strong></span> 
     </span>
    </p>

    <p class='ocr_par' dir='ltr' id='par_1_15' title="bbox 170 2104 1175 2194">
     <span class='ocr_line' id='line_1_22' title="bbox 170 2104 1175 2194; baseline -0.001 -23"><span class='ocrx_word' id='word_1_157' title='bbox 170 2112 264 2172; x_wconf 86' lang='lat' dir='ltr'><strong>vetus</strong></span> <span class='ocrx_word' id='word_1_158' title='bbox 292 2128 330 2170; x_wconf 88' lang='lat' dir='ltr'><strong>ao</strong></span> <span class='ocrx_word' id='word_1_159' title='bbox 355 2104 476 2170; x_wconf 90' lang='lat' dir='ltr'><strong>nobilis</strong></span> <span class='ocrx_word' id='word_1_160' title='bbox 501 2104 665 2190; x_wconf 82' lang='lat' dir='ltr'><strong>gladiator</strong></span> <span class='ocrx_word' id='word_1_161' title='bbox 687 2105 840 2191; x_wconf 88' lang='lat' dir='ltr'><strong>habetur,</strong></span> <span class='ocrx_word' id='word_1_162' title='bbox 870 2106 923 2172; x_wconf 89' lang='lat' dir='ltr'><strong>hic</strong></span> <span class='ocrx_word' id='word_1_163' title='bbox 946 2112 1058 2174; x_wconf 88' lang='lat' dir='ltr'><strong>autam</strong></span> <span class='ocrx_word' id='word_1_164' title='bbox 1081 2129 1175 2194; x_wconf 88' lang='lat' dir='ltr'><strong>nuper</strong></span> 
     </span>
    </p>

    <p class='ocr_par' dir='ltr' id='par_1_16' title="bbox 171 2192 1202 2282">
     <span class='ocr_line' id='line_1_23' title="bbox 171 2192 1202 2282; baseline 0.002 -25"><span class='ocrx_word' id='word_1_165' title='bbox 171 2214 205 2258; x_wconf 92' lang='lat' dir='ltr'><strong>se</strong></span> <span class='ocrx_word' id='word_1_166' title='bbox 237 2192 278 2258; x_wconf 90' lang='lat' dir='ltr'><strong>ad</strong></span> <span class='ocrx_word' id='word_1_167' title='bbox 305 2214 378 2258; x_wconf 88' lang='lat' dir='ltr'><strong>eum</strong></span> <span class='ocrx_word' id='word_1_168' title='bbox 401 2192 556 2258; x_wconf 89' lang='lat' dir='ltr'><strong>lanistam</strong></span> <span class='ocrx_word' id='word_1_169' title='bbox 582 2194 735 2279; x_wconf 90' lang='lat' dir='ltr'><strong>contulit,</strong></span> <span class='ocrx_word' id='word_1_170' title='bbox 764 2194 877 2278; x_wconf 82' lang='lat' dir='ltr'><strong>quique</strong></span> <span class='ocrx_word' id='word_1_171' title='bbox 903 2200 978 2261; x_wconf 87' lang='lat' dir='ltr'><strong>ante</strong></span> <span class='ocrx_word' id='word_1_172' title='bbox 1011 2196 1097 2264; x_wconf 87' lang='lat' dir='ltr'><strong>hano</strong></span> <span class='ocrx_word' id='word_1_173' title='bbox 1127 2219 1202 2282; x_wconf 51' lang='lat' dir='ltr'><strong>pu·¹</strong></span> 
     </span>
    </p>

    <p class='ocr_par' dir='ltr' id='par_1_17' title="bbox 171 2280 1202 2386">
     <span class='ocr_line' id='line_1_24' title="bbox 171 2280 1202 2386; baseline 0.001 -39"><span class='ocrx_word' id='word_1_174' title='bbox 171 2301 271 2368; x_wconf 85' lang='lat' dir='ltr'><strong>gnam</strong></span> <span class='ocrx_word' id='word_1_175' title='bbox 292 2280 357 2346; x_wconf 90' lang='lat' dir='ltr'><strong>tiro</strong></span> <span class='ocrx_word' id='word_1_176' title='bbox 381 2284 475 2383; x_wconf 82' lang='lat' dir='ltr'><strong>esset,</strong></span> <span class='ocrx_word' id='word_1_177' title='bbox 497 2280 584 2367; x_wconf 92' lang='lat' dir='ltr'><strong>quod</strong></span> <span class='ocrx_word' id='word_1_178' title='bbox 607 2283 716 2384; x_wconf 80' lang='lat' dir='ltr'><strong>sciam,</strong></span> <span class='ocrx_word' id='word_1_179' title='bbox 738 2281 833 2348; x_wconf 87' lang='lat' dir='ltr'><strong>facile</strong></span> <span class='ocrx_word' id='word_1_180' title='bbox 856 2283 963 2368; x_wconf 92' lang='lat' dir='ltr'><strong>ipsum</strong></span> <span class='ocrx_word' id='word_1_181' title='bbox 977 2286 1175 2386; x_wconf 30' lang='lat' dir='ltr'><strong>‘magistrum</strong></span> <span class='ocrx_word' id='word_1_182' title='bbox 1201 2323 1202 2330; x_wconf 43' lang='lat'><strong>,</strong></span> 
     </span>
    </p>

    <p class='ocr_par' dir='ltr' id='par_1_18' title="bbox 118 2351 1202 2478">
     <span class='ocr_line' id='line_1_25' title="bbox 118 2351 1202 2478; baseline 0.003 -44"><span class='ocrx_word' id='word_1_183' title='bbox 118 2351 152 2478; x_wconf 60' lang='lat'><strong>1}</strong></span> <span class='ocrx_word' id='word_1_184' title='bbox 172 2369 291 2435; x_wconf 90' lang='lat' dir='ltr'><strong>scelere</strong></span> <span class='ocrx_word' id='word_1_185' title='bbox 315 2368 512 2453; x_wconf 87' lang='lat' dir='ltr'><strong>audaeraque</strong></span> <span class='ocrx_word' id='word_1_186' title='bbox 535 2373 709 2455; x_wconf 76' lang='lat' dir='ltr'><strong>superavit.</strong></span> <span class='ocrx_word' id='word_1_187' title='bbox 745 2369 831 2436; x_wconf 89' lang='lat' dir='ltr'><strong>Nam</strong></span> <span class='ocrx_word' id='word_1_188' title='bbox 855 2393 928 2438; x_wconf 91' lang='lat' dir='ltr'><strong>cum</strong></span> <span class='ocrx_word' id='word_1_189' title='bbox 950 2372 1005 2439; x_wconf 87' lang='lat' dir='ltr'><strong>hro</strong></span> <span class='ocrx_word' id='word_1_190' title='bbox 1027 2371 1101 2441; x_wconf 85' lang='lat' dir='ltr'><strong>Sex.</strong></span> <span class='ocrx_word' id='word_1_191' title='bbox 1119 2373 1174 2438; x_wconf 91' lang='lat' dir='ltr'><strong>Ro·</strong></span> <span class='ocrx_word' id='word_1_192' title='bbox 1201 2415 1202 2420; x_wconf 22' lang='grc' dir='ltr'><strong>κ</strong></span> 
     </span>
    </p>

    <p class='ocr_par' dir='ltr' id='par_1_19' title="bbox 169 2456 1202 2879">
     <span class='ocr_line' id='line_1_26' title="bbox 172 2456 1202 2540; baseline -0.001 -18"><span class='ocrx_word' id='word_1_193' title='bbox 172 2457 256 2523; x_wconf 90' lang='lat' dir='ltr'><strong>scius</strong></span> <span class='ocrx_word' id='word_1_194' title='bbox 284 2461 370 2523; x_wconf 85' lang='lat' dir='ltr'><strong>esset</strong></span> <span class='ocrx_word' id='word_1_195' title='bbox 400 2456 563 2536; x_wconf 85' lang='lat' dir='ltr'><strong>Ameriae,</strong></span> <span class='ocrx_word' id='word_1_196' title='bbox 590 2457 626 2523; x_wconf 83' lang='lat' dir='ltr'><strong>T.</strong></span> <span class='ocrx_word' id='word_1_197' title='bbox 654 2462 762 2524; x_wconf 89' lang='lat' dir='ltr'><strong>autem</strong></span> <span class='ocrx_word' id='word_1_198' title='bbox 789 2459 853 2525; x_wconf 91' lang='lat' dir='ltr'><strong>iste</strong></span> <span class='ocrx_word' id='word_1_199' title='bbox 880 2459 1017 2527; x_wconf 83' lang='lat' dir='ltr'><strong>Roscius</strong></span> <span class='ocrx_word' id='word_1_200' title='bbox 1050 2462 1202 2540; x_wconf 68' lang='lat' dir='ltr'><strong>Romaest</strong></span> 
     </span>
     <span class='ocr_line' id='line_1_27' title="bbox 171 2545 1174 2636; baseline -0.002 -24"><span class='ocrx_word' id='word_1_201' title='bbox 171 2567 242 2612; x_wconf 88' lang='lat' dir='ltr'><strong>oum</strong></span> <span class='ocrx_word' id='word_1_202' title='bbox 270 2545 324 2611; x_wconf 88' lang='lat' dir='ltr'><strong>hie</strong></span> <span class='ocrx_word' id='word_1_203' title='bbox 350 2545 437 2611; x_wconf 89' lang='lat' dir='ltr'><strong>filius</strong></span> <span class='ocrx_word' id='word_1_204' title='bbox 466 2545 613 2612; x_wconf 89' lang='lat' dir='ltr'><strong>assiduus</strong></span> <span class='ocrx_word' id='word_1_205' title='bbox 640 2546 675 2610; x_wconf 91' lang='lat' dir='ltr'><strong>in</strong></span> <span class='ocrx_word' id='word_1_206' title='bbox 702 2547 843 2632; x_wconf 87' lang='lat' dir='ltr'><strong>praediis</strong></span> <span class='ocrx_word' id='word_1_207' title='bbox 872 2553 957 2614; x_wconf 89' lang='lat' dir='ltr'><strong>esset</strong></span> <span class='ocrx_word' id='word_1_208' title='bbox 986 2572 1125 2636; x_wconf 87' lang='lat' dir='ltr'><strong>cumque</strong></span> <span class='ocrx_word' id='word_1_209' title='bbox 1146 2569 1174 2612; x_wconf 87' lang='lat' dir='ltr'><strong>sc</strong></span> 
     </span>
     <span class='ocr_line' id='line_1_28' title="bbox 171 2634 1174 2722; baseline -0.002 -21"><span class='ocrx_word' id='word_1_210' title='bbox 171 2634 340 2701; x_wconf 75' lang='lat' dir='ltr'><strong>voluntate</strong></span> <span class='ocrx_word' id='word_1_211' title='bbox 353 2634 456 2719; x_wconf 88' lang='lat' dir='ltr'><strong>patris</strong></span> <span class='ocrx_word' id='word_1_212' title='bbox 471 2635 519 2700; x_wconf 92' lang='lat' dir='ltr'><strong>rei</strong></span> <span class='ocrx_word' id='word_1_213' title='bbox 532 2634 688 2704; x_wconf 82' lang='lat' dir='ltr'><strong>familiari</strong></span> <span class='ocrx_word' id='word_1_214' title='bbox 704 2635 853 2722; x_wconf 87' lang='lat' dir='ltr'><strong>vitaeque</strong></span> <span class='ocrx_word' id='word_1_215' title='bbox 871 2637 1013 2704; x_wconf 86' lang='lat' dir='ltr'><strong>rusticae</strong></span> <span class='ocrx_word' id='word_1_216' title='bbox 1032 2639 1174 2716; x_wconf 89' lang='lat' dir='ltr'><strong>dedisset,</strong></span> 
     </span>
     <span class='ocr_line' id='line_1_29' title="bbox 169 2722 1174 2879; baseline -0.004 -89"><span class='ocrx_word' id='word_1_217' title='bbox 169 2724 243 2877; x_wconf 64' lang='lat' dir='ltr'><strong>inslel</strong></span> <span class='ocrx_word' id='word_1_218' title='bbox 260 2727 370 2826; x_wconf 77' lang='lat' dir='ltr'><strong>eutem</strong></span> <span class='ocrx_word' id='word_1_219' title='bbox 387 2722 539 2876; x_wconf 67' lang='lat' dir='ltr'><strong>frqquens</strong></span> <span class='ocrx_word' id='word_1_220' title='bbox 558 2722 681 2789; x_wconf 90' lang='lat' dir='ltr'><strong>Rornae</strong></span> <span class='ocrx_word' id='word_1_221' title='bbox 700 2728 796 2876; x_wconf 53' lang='lat' dir='ltr'><strong>{sset</strong></span> <span class='ocrx_word' id='word_1_222' title='bbox 806 2724 970 2879; x_wconf 52' lang='grc' dir='ltr'><strong>ἕξοὶᾷίὲιιτ</strong></span> <span class='ocrx_word' id='word_1_223' title='bbox 989 2726 1030 2879; x_wconf 56' lang='lat' dir='ltr'><strong>agl</strong></span> <span class='ocrx_word' id='word_1_224' title='bbox 1049 2728 1174 2793; x_wconf 89' lang='lat' dir='ltr'><strong>balneas</strong></span> 
     </span>
    </p>

    <p class='ocr_par' dir='ltr' id='par_1_20' title="bbox 169 2832 1201 3230">
     <span class='ocr_line' id='line_1_30' title="bbox 198 2832 1175 2883; baseline -0.004 -4"><span class='ocrx_word' id='word_1_225' title='bbox 198 2832 353 2879; x_wconf 78' lang='lat' dir='ltr'><strong>asemas</strong></span> <span class='ocrx_word' id='word_1_226' title='bbox 390 2832 424 2876; x_wconf 92' lang='lat' dir='ltr'><strong>re</strong></span> <span class='ocrx_word' id='word_1_227' title='bbox 460 2833 516 2878; x_wconf 88' lang='lat' dir='ltr'><strong>cns</strong></span> <span class='ocrx_word' id='word_1_228' title='bbox 545 2834 564 2877; x_wconf 92' lang='lat' dir='ltr'><strong>a</strong></span> <span class='ocrx_word' id='word_1_229' title='bbox 591 2832 670 2878; x_wconf 90' lang='lat' dir='ltr'><strong>cena</strong></span> <span class='ocrx_word' id='word_1_230' title='bbox 728 2834 774 2877; x_wconf 87' lang='lat' dir='ltr'><strong>ex.</strong></span> <span class='ocrx_word' id='word_1_231' title='bbox 859 2834 952 2880; x_wconf 87' lang='lat' dir='ltr'><strong>serus.</strong></span> <span class='ocrx_word' id='word_1_232' title='bbox 1050 2837 1105 2883; x_wconf 89' lang='lat' dir='ltr'><strong>ero</strong></span> <span class='ocrx_word' id='word_1_233' title='bbox 1142 2832 1175 2878; x_wconf 84' lang='lat' dir='ltr'><strong>ex</strong></span> 
     </span>
     <span class='ocr_line' id='line_1_31' title="bbox 169 2838 1201 2987; baseline -0.005 -22"><span class='ocrx_word' id='word_1_234' title='bbox 169 2901 232 2967; x_wconf 89' lang='lat' dir='ltr'><strong>hoo</strong></span> <span class='ocrx_word' id='word_1_235' title='bbox 254 2902 326 2986; x_wconf 85' lang='lat' dir='ltr'><strong>ipso</strong></span> <span class='ocrx_word' id='word_1_236' title='bbox 349 2921 416 2967; x_wconf 90' lang='lat' dir='ltr'><strong>non</strong></span> <span class='ocrx_word' id='word_1_237' title='bbox 438 2921 508 2966; x_wconf 88' lang='lat' dir='ltr'><strong>esse</strong></span> <span class='ocrx_word' id='word_1_238' title='bbox 531 2899 714 2984; x_wconf 87' lang='lat' dir='ltr'><strong>obscurum,</strong></span> <span class='ocrx_word' id='word_1_239' title='bbox 737 2900 778 2966; x_wconf 90' lang='lat' dir='ltr'><strong>ad</strong></span> <span class='ocrx_word' id='word_1_240' title='bbox 801 2922 895 2985; x_wconf 90' lang='lat' dir='ltr'><strong>quem</strong></span> <span class='ocrx_word' id='word_1_241' title='bbox 920 2838 1061 2987; x_wconf 70' lang='lat' dir='ltr'><strong>suspicio</strong></span> <span class='ocrx_word' id='word_1_242' title='bbox 1084 2901 1201 2969; x_wconf 82' lang='lat' dir='ltr'><strong>malea</strong></span> 
     </span>
     <span class='ocr_line' id='line_1_32' title="bbox 170 2987 1173 3076; baseline 0 -23"><span class='ocrx_word' id='word_1_243' title='bbox 170 2987 236 3054; x_wconf 87' lang='lat' dir='ltr'><strong>ficii</strong></span> <span class='ocrx_word' id='word_1_244' title='bbox 258 2989 433 3074; x_wconf 82' lang='lat' dir='ltr'><strong>pertineat3</strong></span> <span class='ocrx_word' id='word_1_245' title='bbox 456 3009 569 3055; x_wconf 85' lang='lat' dir='ltr'><strong>verum</strong></span> <span class='ocrx_word' id='word_1_246' title='bbox 591 2987 633 3073; x_wconf 91' lang='lat' dir='ltr'><strong>id,</strong></span> <span class='ocrx_word' id='word_1_247' title='bbox 657 2988 742 3073; x_wconf 90' lang='lat' dir='ltr'><strong>quod</strong></span> <span class='ocrx_word' id='word_1_248' title='bbox 766 2989 869 3056; x_wconf 91' lang='lat' dir='ltr'><strong>adhuc</strong></span> <span class='ocrx_word' id='word_1_249' title='bbox 890 2993 939 3056; x_wconf 89' lang='lat' dir='ltr'><strong>est</strong></span> <span class='ocrx_word' id='word_1_250' title='bbox 957 2991 1173 3076; x_wconf 86' lang='lat' dir='ltr'><strong>suspiciosum,</strong></span> 
     </span>
     <span class='ocr_line' id='line_1_33' title="bbox 170 3075 1174 3227; baseline 0.003 -89"><span class='ocrx_word' id='word_1_251' title='bbox 170 3075 238 3227; x_wconf 68' lang='lat' dir='ltr'><strong>nidi</strong></span> <span class='ocrx_word' id='word_1_252' title='bbox 254 3077 460 3161; x_wconf 86' lang='lat' dir='ltr'><strong>perspicuum</strong></span> <span class='ocrx_word' id='word_1_253' title='bbox 483 3097 535 3142; x_wconf 89' lang='lat' dir='ltr'><strong>res</strong></span> <span class='ocrx_word' id='word_1_254' title='bbox 557 3077 630 3161; x_wconf 91' lang='lat' dir='ltr'><strong>ipsa</strong></span> <span class='ocrx_word' id='word_1_255' title='bbox 651 3075 774 3161; x_wconf 88' lang='lat' dir='ltr'><strong>fecerit,</strong></span> <span class='ocrx_word' id='word_1_256' title='bbox 797 3078 882 3144; x_wconf 90' lang='lat' dir='ltr'><strong>huno</strong></span> <span class='ocrx_word' id='word_1_257' title='bbox 906 3079 1045 3145; x_wconf 86' lang='lat' dir='ltr'><strong>adfinem</strong></span> <span class='ocrx_word' id='word_1_258' title='bbox 1068 3080 1174 3163; x_wconf 86' lang='lat' dir='ltr'><strong>culpae</strong></span> 
     </span>
     <span class='ocr_line' id='line_1_34' title="bbox 170 3163 355 3230; baseline 0.011 -4"><span class='ocrx_word' id='word_1_259' title='bbox 170 3163 205 3227; x_wconf 91' lang='lat' dir='ltr'><strong>iu</strong></span> <span class='ocrx_word' id='word_1_260' title='bbox 229 3163 355 3230; x_wconf 78' lang='lat' dir='ltr'><strong>&#39;estote</strong></span> 
     </span>
    </p>

    <p class='ocr_par' dir='ltr' id='par_1_21' title="bbox 120 3249 1201 3605">
     <span class='ocr_line' id='line_1_35' title="bbox 120 3249 1173 3337; baseline -0.006 -16"><span class='ocrx_word' id='word_1_261' title='bbox 120 3272 152 3321; x_wconf 80' lang='lat'><strong>19</strong></span> <span class='ocrx_word' id='word_1_262' title='bbox 238 3249 352 3317; x_wconf 84' lang='lat' dir='ltr'><strong>Occiso</strong></span> <span class='ocrx_word' id='word_1_263' title='bbox 366 3249 437 3317; x_wconf 83' lang='lat' dir='ltr'><strong>Sex.</strong></span> <span class='ocrx_word' id='word_1_264' title='bbox 451 3251 569 3319; x_wconf 86' lang='lat' dir='ltr'><strong>Roscio</strong></span> <span class='ocrx_word' id='word_1_265' title='bbox 583 3253 708 3337; x_wconf 86' lang='lat' dir='ltr'><strong>primus</strong></span> <span class='ocrx_word' id='word_1_266' title='bbox 724 3252 892 3322; x_wconf 84' lang='lat' dir='ltr'><strong>Ameriam</strong></span> <span class='ocrx_word' id='word_1_267' title='bbox 904 3256 1036 3321; x_wconf 87' lang='lat' dir='ltr'><strong>nuntiat</strong></span> <span class='ocrx_word' id='word_1_268' title='bbox 1049 3253 1173 3321; x_wconf 88' lang='lat' dir='ltr'><strong>Mallius</strong></span> 
     </span>
     <span class='ocr_line' id='line_1_36' title="bbox 172 3337 1201 3428; baseline -0.001 -24"><span class='ocrx_word' id='word_1_269' title='bbox 172 3337 308 3404; x_wconf 81' lang='lat' dir='ltr'><strong>Glaucia</strong></span> <span class='ocrx_word' id='word_1_270' title='bbox 339 3339 483 3424; x_wconf 90' lang='lat' dir='ltr'><strong>quidam,</strong></span> <span class='ocrx_word' id='word_1_271' title='bbox 514 3340 613 3406; x_wconf 92' lang='lat' dir='ltr'><strong>homo</strong></span> <span class='ocrx_word' id='word_1_272' title='bbox 646 3341 767 3426; x_wconf 87' lang='lat' dir='ltr'><strong>tenuis,</strong></span> <span class='ocrx_word' id='word_1_273' title='bbox 798 3342 983 3428; x_wconf 88' lang='lat' dir='ltr'><strong>libertinus,</strong></span> <span class='ocrx_word' id='word_1_274' title='bbox 1016 3343 1114 3411; x_wconf 88' lang='lat' dir='ltr'><strong>cliens</strong></span> <span class='ocrx_word' id='word_1_275' title='bbox 1145 3343 1201 3426; x_wconf 73' lang='lat' dir='ltr'><strong>ctu</strong></span> 
     </span>
     <span class='ocr_line' id='line_1_37' title="bbox 170 3424 1201 3512; baseline 0.004 -22"><span class='ocrx_word' id='word_1_276' title='bbox 170 3424 341 3492; x_wconf 88' lang='lat' dir='ltr'><strong>familiaris</strong></span> <span class='ocrx_word' id='word_1_277' title='bbox 363 3425 457 3490; x_wconf 89' lang='lat' dir='ltr'><strong>istius</strong></span> <span class='ocrx_word' id='word_1_278' title='bbox 476 3427 512 3491; x_wconf 93' lang='grc' dir='ltr'><strong>Τ.</strong></span> <span class='ocrx_word' id='word_1_279' title='bbox 531 3426 637 3512; x_wconf 85' lang='lat' dir='ltr'><strong>Rosci,</strong></span> <span class='ocrx_word' id='word_1_280' title='bbox 660 3433 693 3494; x_wconf 91' lang='lat' dir='ltr'><strong>et</strong></span> <span class='ocrx_word' id='word_1_281' title='bbox 716 3431 847 3498; x_wconf 86' lang='lat' dir='ltr'><strong>nuntiat</strong></span> <span class='ocrx_word' id='word_1_282' title='bbox 870 3431 1002 3499; x_wconf 89' lang='lat' dir='ltr'><strong>domurn</strong></span> <span class='ocrx_word' id='word_1_283' title='bbox 1024 3454 1090 3498; x_wconf 92' lang='lat' dir='ltr'><strong>non</strong></span> <span class='ocrx_word' id='word_1_284' title='bbox 1111 3428 1173 3508; x_wconf 89' lang='lat' dir='ltr'><strong>filii,</strong></span> <span class='ocrx_word' id='word_1_285' title='bbox 1200 3429 1201 3494; x_wconf 54' lang='grc' dir='ltr'><strong>ἡ</strong></span> 
     </span>
     <span class='ocr_line' id='line_1_38' title="bbox 172 3509 1201 3605; baseline 0.006 -27"><span class='ocrx_word' id='word_1_286' title='bbox 172 3513 228 3578; x_wconf 91' lang='lat' dir='ltr'><strong>sed</strong></span> <span class='ocrx_word' id='word_1_287' title='bbox 247 3511 282 3577; x_wconf 93' lang='grc' dir='ltr'><strong>Τ.</strong></span> <span class='ocrx_word' id='word_1_288' title='bbox 302 3509 469 3596; x_wconf 80' lang='lat' dir='ltr'><strong>Capitonis</strong></span> <span class='ocrx_word' id='word_1_289' title='bbox 493 3513 628 3598; x_wconf 81' lang='lat' dir='ltr'><strong>inimici3</strong></span> <span class='ocrx_word' id='word_1_290' title='bbox 652 3520 685 3582; x_wconf 89' lang='lat' dir='ltr'><strong>et</strong></span> <span class='ocrx_word' id='word_1_291' title='bbox 708 3539 781 3584; x_wconf 88' lang='lat' dir='ltr'><strong>oum</strong></span> <span class='ocrx_word' id='word_1_292' title='bbox 804 3523 880 3603; x_wconf 90' lang='lat' dir='ltr'><strong>post</strong></span> <span class='ocrx_word' id='word_1_293' title='bbox 902 3521 1018 3586; x_wconf 89' lang='lat' dir='ltr'><strong>horam</strong></span> <span class='ocrx_word' id='word_1_294' title='bbox 1041 3521 1174 3605; x_wconf 85' lang='lat' dir='ltr'><strong>primam</strong></span> <span class='ocrx_word' id='word_1_295' title='bbox 1200 3539 1201 3556; x_wconf 61' lang='lat'>³</span> 
     </span>
    </p>
   </div>
   <div class='ocr_carea' id='block_1_3' title="bbox 0 0 1219 3952">
    <p class='ocr_par' dir='ltr' id='par_1_22' title="bbox 0 0 1219 3952">
     <span class='ocr_line' id='line_1_39' title="bbox 0 0 1219 3952; baseline 0 0"><span class='ocrx_word' id='word_1_296' title='bbox 0 0 1219 3952; x_wconf 95' lang='lat' dir='ltr'><strong> </strong></span> 
     </span>
    </p>
   </div>
  </div>
 </body>
</html>
