2402 3936
306 135 373 190 ΜΒ.
392 135 431 190 111
463 135 539 190 cAP.
557 143 627 192 4-c
646 143 661 204 s
680 142 775 194 s-14.
978 141 1044 206 275

97 279 272 346 Neminem
292 283 438 345 vestrum
463 281 629 365 praeterit,
651 280 781 366 iudices,
805 303 932 349 omnem
955 285 1041 350 utili·

33 371 136 434 tatem
164 368 483 453 oportunitatemque
511 369 696 454 provinciae
721 367 861 454 Siciliae,
890 393 971 455 quae
999 374 1040 438 ad

36 456 203 522 commoda
229 456 344 541 populi
371 455 512 522 Romani
540 457 691 523 adiuncta
717 458 773 540 sit,
802 459 979 525 consistere
1004 461 1039 525 in

36 567 66 608 re
83 544 300 610 frumentaria
317 544 470 628 maxime,
493 567 570 610 nam
590 545 706 611 ceteris
729 547 826 612 rebus
849 546 1039 612 adiuvamur

15 647 72 696 tex
89 633 152 698 illa
168 631 346 718 provincia,
368 631 431 698 hac
447 654 525 698 vero
548 633 667 699 alimur
689 656 726 698 ac
749 635 954 700 sustinemur.
989 635 1040 701 Ea
1059 649 1092 697 12

37 742 131 787 cansa
152 720 334 806 tripertita,
360 719 495 804 iudices,
518 720 580 786 erit
601 721 636 786 in
659 722 875 806 accusatione,
897 723 1039 807 primum

39 809 146 890 [enim]
175 809 214 873 de
241 808 431 892 decumam,
463 808 575 888 deinde
603 808 642 874 de
669 813 778 894 empto
808 810 948 878 dicemus
974 811 1039 876 fru-

38 900 158 977 mento,
179 899 347 981 postremo
371 896 409 962 de
432 895 615 962 aestimato.

98 983 189 1050 lnter
217 982 362 1050 Siciliam
395 988 581 1068 ceterasque
612 984 808 1069 provincias,
839 986 973 1070 iudices,
1004 983 1079 1053 inb

12 1085 186 1158 dsgrorum
203 1071 414 1158 vectigalium
432 1071 557 1137 ratione
576 1071 638 1136 hoc
655 1071 801 1156 interest,
820 1073 906 1157 quod
924 1075 1038 1139 ceteris

41 1165 92 1224 sut
104 1161 295 1246 impositum
308 1160 450 1246 vectigal
469 1163 519 1225 est
537 1163 670 1244 certum,
689 1159 774 1244 quod
793 1161 1039 1245 stipendiarium

41 1248 159 1332 dicitur,
182 1252 219 1313 ut
237 1247 394 1333 Hispanis
420 1251 453 1313 et
474 1246 639 1332 plerisque
656 1247 837 1314 Poenorum
862 1249 955 1332 quasi
976 1249 1038 1314 vic-

42 1336 137 1402 toriae
159 1335 340 1422 praemium
364 1357 401 1400 ac
422 1357 527 1419 poena
549 1335 641 1417 belli,
670 1339 727 1401 aut
750 1337 897 1402 censoria
918 1337 1038 1403 locatio

44 1425 214 1490 constituta
232 1427 293 1507 est,
314 1427 352 1488 ut
365 1422 463 1488 Asiae
481 1423 555 1509 lege
579 1420 777 1509 Sempronia.
813 1422 941 1490 Siciliae
965 1425 1039 1490 civi·

14 1515 119 1577 anus
142 1513 188 1578 sic
210 1511 247 1576 in
269 1511 445 1577 amicitiam
467 1511 627 1595 fidemque
651 1513 845 1598 accepimus,
867 1518 905 1578 ut
927 1513 1039 1578 eodem

44 1599 104 1664 iure
134 1602 257 1683 essent,
289 1621 352 1683 quo
383 1598 535 1684 fuissent,
568 1599 678 1665 eadem
706 1601 891 1666 condicione
917 1602 1038 1686 populo

44 1685 181 1754 Romano
218 1690 384 1772 parerent,
421 1709 484 1770 qua
518 1687 585 1753 suis
617 1691 692 1752 ante
723 1688 917 1771 paruissent.
965 1687 1092 1752 Per-13

45 1797 155 1858 paucae
174 1773 304 1840 Siciliae
331 1774 479 1840 civitates
503 1780 579 1841 sunt
601 1774 765 1858 superiore
788 1776 875 1839 bello
898 1798 919 1839 a
941 1775 1039 1839 maio·

46 1864 125 1928 n'bus
155 1863 277 1929 nostris
307 1864 473 1946 subactae3
505 1885 642 1947 quarum
670 1882 748 1947 ager
775 1883 846 1926 cum
875 1866 961 1926 esset
983 1884 1039 1947 pu·

19 1949 139 2018 ¹lblicus
157 1951 271 2037 populi
288 1950 427 2016 Romani
448 1951 564 2035 factus,
587 1955 698 2015 tamen
718 1949 785 2013 illis
809 1952 859 2014 cst
881 1948 1039 2034 redditus,

49 2037 71 2100 is
88 2061 161 2126 ager
179 2063 200 2105 a
218 2039 404 2105 censoribus
423 2038 524 2105 locari
542 2037 635 2103 solet.
670 2036 867 2102 Foederatae
890 2037 1039 2102 civitates

49 2132 111 2192 suut
132 2127 228 2210 duae,
257 2148 393 2211 quarum
416 2126 567 2192 decumae
589 2125 698 2190 venire
720 2146 786 2189 non
809 2125 948 2216 soleant,
972 2123 1040 2190 Ma·

49 2215 174 2281 mertina
210 2217 244 2280 et
275 2214 561 2299 Tauromenitana,
599 2214 739 2297 quinque
770 2217 939 2298 praeterea
970 2213 1039 2278 sine

49 2299 162 2368 foedere
198 2302 358 2368 immunes
398 2302 547 2368 civitates
579 2323 617 2366 ac
648 2301 782 2383 liberae,
819 2299 1039 2387 Centuripina,

23 2385 222 2474 *Halaesina
236 2387 425 2476 Segestana,
438 2389 652 2474 Halicyensis,
665 2387 934 2472 Panhormitana3
949 2411 1041 2475 prae-

51 2477 125 2544 terea
156 2478 261 2545 omnis
295 2500 374 2565 ager
401 2476 529 2544 Siciliae
561 2477 731 2542 civitatum
763 2475 957 2541 decumanus
990 2481 1040 2542 est

51 2562 176 2652 itemque
200 2571 275 2632 ante
297 2567 469 2652 imperium
492 2564 606 2651 populi
623 2563 763 2629 Romani
785 2563 930 2649 ipsorum
954 2561 1040 2628 Sicu-

52 2649 140 2720 lorum
153 2655 325 2721 voluntate
344 2657 377 2719 et
394 2653 556 2720 institutis
573 2651 645 2717 fuit.
676 2651 794 2716 Videte
811 2673 896 2717 nunc
915 2651 1039 2736 sapien·
1059 2653 1093 2702 14

52 2740 116 2808 tiam
146 2743 321 2824 maiorum,
353 2742 408 2827 qui
439 2763 511 2808 cum
545 2738 715 2821 [Siciliam]
748 2743 817 2805 tam
844 2742 1040 2825 oportunum

28 2829 214 2897 ”subsidium
243 2830 323 2895 belli
350 2833 446 2914 atque
473 2828 562 2914 pacis
588 2828 629 2893 ad
651 2850 720 2894 rem
742 2825 907 2912 publicam
930 2825 1040 2889 adiun-

52 2916 167 3003 xissent,
189 2922 285 2984 tanta
302 2939 379 2983 cura
397 2914 523 2983 Siculos
541 2916 627 2982 tueri
645 2938 682 2981 ac
701 2915 839 2980 retinere
859 2913 1041 2996 voluerunt,

53 3008 79 3068 ut
105 3028 169 3073 non
200 3006 298 3072 modo
332 3027 442 3070 eorum
474 3004 563 3091 agris
593 3003 735 3090 vectigal
763 3022 884 3066 novum
913 2998 1040 3065 nullum

53 3088 253 3179 imponerent,
285 3093 341 3158 sed
367 3115 408 3158 ne
435 3094 542 3178 legem
570 3092 698 3175 quidem
725 3087 919 3156 venditionis
949 3087 1041 3154 decu·

54 3198 161 3248 marum
188 3203 248 3248 neo
275 3181 437 3247 vendundi
461 3185 517 3245 aut
540 3183 668 3264 tempus
692 3183 749 3243 aut
771 3177 879 3241 locum
902 3197 1040 3241 commu-

31 3267 158 3356 starent,
184 3273 222 3335 ut
249 3273 337 3335 certo
365 3272 512 3354 tempore
539 3267 628 3350 anni,
655 3269 692 3331 ut
719 3264 838 3330 ibidem
865 3265 900 3329 in
923 3261 1041 3346 Sicilia,

56 3352 172 3450 denique
198 3360 237 3422 ut
259 3358 332 3443 lege
355 3355 530 3422 Hieronica
552 3354 736 3420 venderent.
780 3351 963 3418 Voluerunt
986 3373 1041 3416 eos

56 3461 81 3504 m
103 3446 164 3512 suis
191 3445 288 3534 rebus
315 3445 405 3529 ipsos
432 3445 602 3528 interesse,
630 3463 803 3526 eorumque
829 3441 953 3507 animos
976 3460 1042 3504 non

775 3543 829 3598 18*
