2470 3936
145 157 212 222 480
446 155 486 210 m
504 155 533 211 c.
547 153 701 210 rmum
717 152 798 210 ror.
816 154 850 208 11.

93 305 136 370 53
146 299 321 383 voluptati,
351 298 406 366 sed
436 299 536 364 etiam
563 297 713 383 quaestui
739 296 828 363 fuiti’
860 333 898 344 —
927 297 1007 363 lmec
1034 297 1064 363 si
1088 298 1152 363 tibi

145 392 222 454 tuus
259 407 377 474 parens
414 386 547 470 diceret,
582 408 695 470 posses
728 387 769 451 ab
803 408 841 451 eo
872 385 1001 451 veniam
1031 389 1154 470 petere,

146 497 273 561 posses,
296 480 333 541 ut
355 475 418 540 tibi
439 476 636 561 ignosceret,
658 474 847 558 postulare?

95 576 145 626 1³9
214 561 300 629 Setis
328 567 379 628 est
404 563 529 628 fuctum
552 561 682 646 Siculis,
710 562 790 628 satis
818 561 926 628 officio
955 583 992 627 uc
1016 563 1154 628 necessi·

146 653 261 736 tudini,
283 652 364 717 sctis
382 651 543 735 promisso
562 655 677 716 nostro
700 671 738 716 ec
759 654 900 734 recepto.
940 648 1082 735 Reliqui.
1103 656 1181 716 esti

147 763 185 806 os
208 761 317 823 ceusu,
343 739 477 823 iudices,
505 761 587 823 quse
609 739 676 804 ism
697 759 764 805 non
786 742 929 823 recepte,
952 739 1010 804 scd
1030 740 1154 824 innato,

146 851 250 912 neque
281 827 391 892 delete
422 828 464 892 ad
495 849 560 911 me,
594 827 651 892 sed
680 826 716 890 in
747 825 856 892 animo
889 847 1050 911 sensuque
1081 849 1152 894 meo

146 917 276 1002 penitus
295 915 401 981 adfixa
419 919 517 1001 etque
534 915 635 980 insite
652 919 716 998 est,
739 936 821 998 quse
839 935 906 980 non
928 915 971 980 sd
993 916 1152 982 sociorum

147 1005 296 1087 salutern,
319 1004 376 1068 sed
394 1004 435 1069 ad
453 1003 572 1070 civium
589 1003 820 1086 Romanorum,
841 1002 905 1068 hoc
923 1007 975 1069 est
995 1004 1039 1069 sd
1061 1005 1152 1070 unius

147 1093 301 1177 cuiusque
327 1096 491 1176 nostrum,
517 1091 621 1157 vitem
638 1094 681 1156 'ct
708 1091 900 1177 sanguinem
922 1092 1076 1177 pertinet.
1116 1092 1193 1158 In1⁰

148 1203 212 1265 qus
223 1180 332 1246 ‘nolite
351 1203 370 1245 a
388 1201 449 1264 me,
466 1180 560 1265 quasi
578 1179 712 1245 dubium
733 1179 777 1244 sit
795 1179 928 1264 aliquid,
951 1185 1155 1266 argumente,

146 1269 281 1355 iudices,
303 1272 503 1354 exspectare,
526 1268 648 1353 omnis,
671 1289 754 1351 quse
779 1267 898 1351 dicam,
920 1267 968 1334 sic
992 1273 1087 1334 erunt
1109 1270 1155 1334 in·

146 1358 273 1441 lustris,
296 1361 334 1421 ut
352 1356 392 1422 sd
415 1379 454 1422 eu
476 1355 649 1442 probundc¹
666 1359 772 1421 totum
791 1353 936 1421 Siciliam
959 1359 1080 1422 testem
1103 1358 1155 1424 ed·

146 1445 259 1509 hibere
272 1445 405 1528 possim.
431 1443 536 1508 Furor
549 1444 636 1509 enim
650 1444 781 1528 quidem
800 1443 930 1510 sceleris
949 1448 983 1510 et
1002 1445 1154 1512 suducise

146 1553 253 1597 comes
284 1532 379 1596 istius
409 1532 600 1597 effrenatum
628 1532 772 1598 animum
797 1532 1074 1617 inportunnmque
1098 1550 1193 1599 nii-1⁵

146 1625 255 1685 turum
272 1623 367 1684 tants
386 1620 549 1705 oppressit
567 1621 719 1705 ementis,
737 1625 775 1685 ut
791 1642 969 1705 numquam
990 1621 1153 1688 dubitaret
1230 1637 1231 1642 ’

145 1708 180 1774 in
198 1713 357 1776 conventu
380 1709 489 1794 pulum
512 1709 680 1794 supplicis,
703 1730 786 1792 quse
808 1709 843 1772 in
856 1709 1033 1775 convictos
1057 1712 1154 1777 mole·
1230 1761 1231 1802 ,

145 1797 211 1862 ficii
238 1818 349 1863 servos
374 1797 553 1862 constituta
575 1801 663 1880 sunt,
691 1818 729 1861 es
750 1797 786 1861 in
808 1796 887 1862 civis
910 1796 1078 1864 Romanos
1101 1821 1155 1865 ex·

95 1895 145 1946 140
163 1905 321 1970 promere.
364 1883 476 1972 Virgis
510 1906 606 1969 quam
638 1885 759 1950 multos
791 1884 955 1969 ceciderit,
987 1887 1066 1970 quid
1093 1907 1153 1972 ego

146 1974 417 2040 commemorem?
471 1972 612 2038 Tantum
648 1972 851 2057 brevissime,
891 1973 1029 2058 iudices,
1070 1975 1153 2040 dico:
1167 1991 1193 2032 ω

145 2060 281 2127 Nullum
312 2061 376 2126 fuit
408 2062 539 2126 omnino
572 2061 714 2126 civitatis
746 2062 812 2126 isto
843 2066 995 2146 praetore
1027 2063 1063 2128 in
1092 2063 1154 2129 hoc

146 2170 263 2234 genere
278 2148 458 2214 discrimen.
489 2149 688 2234 Itaqueiam
707 2149 937 2215 consuetudine
957 2151 999 2216 sd
1018 2172 1153 2234 corpore

145 2235 263 2301 civium
286 2235 508 2300 Romanorum
535 2237 636 2302 etiem
662 2237 732 2302 sine
758 2237 854 2304 istius
881 2241 965 2304 nutu
987 2238 1152 2305 ferebatur

145 2345 260 2389 manus
283 2323 355 2409 ipse
378 2323 512 2390 lictoris.
789 2333 792 2338 '

94 2417 136 2482 54
211 2410 299 2478 Num
325 2416 418 2498 potes
445 2413 508 2479 hoc
534 2435 667 2500 negare,
695 2413 827 2497 Verres,
853 2413 889 2478 iu
909 2412 982 2480 foro
1005 2414 1191 2500 Lilybaeic

146 2501 287 2566 maximo
319 2505 478 2567 conventu
510 2500 544 2566 Ο.
570 2499 754 2584 Servilium,
786 2501 889 2567 civem
920 2499 1105 2568 Romanum
1136 2526 1153 2568 e

145 2591 305 2655 conventu
338 2588 608 2674 PanhormitunO,
643 2593 786 2655 veterem
820 2589 1076 2676 negotiatorem,
1109 2591 1151 2656 ed

118 2693 122 2703 '
144 2677 289 2741 tribunal
309 2680 384 2741 anto
407 2678 504 2762 pedes
527 2681 601 2743 tuos
625 2677 666 2742 sd
687 2681 809 2742 terrem
831 2677 933 2764 virgis
957 2682 992 2743 et
1014 2679 1151 2745 verberi·

144 2764 206 2829 bus
234 2764 418 2830 obiectum?
462 2765 555 2831 Aude
582 2765 643 2830 hoo
668 2765 809 2851 primum
830 2785 966 2850 negare,
994 2768 1024 2831 si
1045 2771 1153 2853 potes,

144 2874 239 2917 nemo
258 2851 407 2936 Lilybaei
424 2853 497 2937 mi,
520 2853 598 2939 quin
616 2853 741 2936 vicerit,
763 2875 858 2918 nemo
877 2854 912 2918 in
930 2851 1051 2940 sieilia,
1075 2856 1192 2940 quino

145 2941 292 3006 audierit.
323 2940 436 3027 Plagis
451 2940 633 3006 confectum
648 2941 718 3006 dico
737 2963 757 3006 a
774 2940 944 3007 lictoribus
963 2943 1030 3010 tuis
1049 2944 1154 3010 civem

94 3027 345 3094 141R0manum
365 3032 441 3094 unte
464 3030 575 3094 oculos
598 3033 672 3095 tuos
696 3029 880 3095 concidisse.
917 3029 964 3095 At
988 3034 1086 3116 qu'sm
1110 3032 1154 3098 ob

145 3137 289 3200 causum,
316 3117 349 3182 di
376 3116 579 3183 inmortales!
616 3117 750 3183 temetsi
775 3117 927 3183 iniuriam
952 3119 1039 3185 focio
1065 3142 1154 3187 com-

144 3205 234 3267 muni
262 3226 377 3270 causae
405 3209 439 3270 et
460 3206 524 3270 iuri
547 3205 702 3289 civitatis,
730 3205 822 3289 quusi
845 3207 930 3272 enirn
953 3208 1023 3274 ulla
1045 3209 1155 3295 possit

144 3310 215 3353 esse
233 3311 339 3375 ceusu,
357 3314 414 3357 cur
431 3292 493 3358 hoc
511 3294 661 3377 cuiquam
679 3294 743 3360 civi
759 3293 908 3360 Romano
926 3295 996 3362 iure
1017 3297 1153 3380 accidat,
1166 3311 1190 3354 ³⁵
1224 3355 1225 3374 ,

143 3374 192 3438 ite
219 3393 351 3458 quaero,
379 3400 461 3461 quse
488 3380 523 3443 in
546 3379 683 3446 Servilio
711 3402 808 3446 ceusu
833 3382 941 3448 fuerit.
986 3383 1152 3468 Ignoscite

143 3459 178 3521 in
204 3458 266 3521 hoo
292 3479 370 3544 uno,
397 3465 532 3550 iudicem
559 3467 595 3531 in
616 3469 731 3534 ceteris
755 3468 841 3534 enim
863 3492 929 3536 non
952 3492 1152 3557 magnopere
