2392 3944
308 169 376 229 Lm.
395 170 422 225 11
467 170 547 226 cnr.
566 177 634 226 1-r.
653 175 669 237 e
688 177 765 226 r-r.
979 172 1043 238 201

47 315 97 380 ille
111 315 179 400 ipse
195 313 239 381 M.
257 315 442 399 Murcellus,
459 315 550 382 cuius
567 314 604 380 in
621 313 732 380 Sicilia
749 313 905 382 virtutem
923 315 1046 401 hostes,

47 403 289 470 misericordium
314 404 408 487 victi,
435 403 533 468 fidem
560 402 660 469 ceteri
683 401 784 468 Siculi
805 409 1046 489 perspexerunt,

47 513 103 556 non
144 493 251 558 solum
295 491 392 558 sociis
430 491 467 556 iu
506 512 546 556 eo
579 491 669 556 bello
709 491 887 575 consuluit,
932 514 1045 560 verum

48 580 134 644 etiem
155 579 318 666 superetis
341 579 492 645 hostibus
513 579 719 664 temperavit
758 577 884 647 Urbem
900 580 1046 664 pulcher·

29 668 151 734 ennom
174 667 363 753 Syracusas,
386 689 469 754 quee
491 689 565 734 cum
587 689 687 732 manu
709 667 930 734 munitissime
951 673 1047 753 esset,

48 761 106 820 tum
130 757 196 822 loci
222 761 342 822 nature
367 760 456 821 terre
481 776 521 822 uc
534 756 629 820 'muri
660 755 878 840 clauderetur,
908 777 982 822 cum
1012 757 1047 821 vi

49 845 235 929 musilioque
257 845 406 930 cepisset,
427 865 494 910 non
516 843 623 909 solum
644 843 840 910 incolumem
859 865 977 929 pessus
996 849 1048 910 est

48 932 1047 1088 {bttttt'ttttttntettzttttttttt

272 1071 281 1105 J
552 1070 561 1103 7
793 1071 802 1104 7

21 1109 191 1193 roderent,
214 1113 248 1175 et
271 1109 349 1194 quid
371 1112 589 1194 expugnasset
611 1112 645 1174 et
663 1107 781 1192 quibus
798 1108 995 1193 pepercisset
1014 1112 1047 1174 et

48 1219 116 1281 quse
147 1197 347 1284 reliquisset.
399 1197 540 1262 'lentum
575 1196 632 1260 ille
668 1196 826 1262 honorem
861 1195 1048 1262 habendum

49 1283 166 1351 Siciliae
197 1286 340 1372 putavit,
374 1289 413 1351 ut
442 1307 484 1350 ne
515 1283 659 1350 hostium
692 1283 821 1368 quidem
857 1283 971 1348 urbem
1008 1306 1048 1350 cx

49 1374 197 1440 sociorum
230 1374 340 1440 insule
370 1371 551 1439 tollendam
582 1373 806 1438 arbitraretur.
859 1370 976 1457 Itequc
1007 1371 1083 1438 eds

50 1483 148 1528 omnes
174 1483 228 1528 res
257 1461 304 1528 sie
329 1462 389 1527 ille
413 1460 583 1547 provincis
607 1481 735 1544 semper
762 1460 815 1526 usi
844 1481 971 1544 sumus,
1002 1465 1049 1545 ut,

23 1550 188 1636 tquicqnid
212 1571 251 1616 ex
274 1571 344 1615 sese
363 1553 476 1636 posset
494 1548 614 1632 efferre,
635 1548 670 1612 id
687 1570 753 1614 non
771 1548 857 1634 apud
875 1569 931 1615 eos
948 1549 1050 1634 nasci,
1068 1545 1073 1552 ’

50 1637 95 1702 scd
119 1639 210 1704 domi
236 1642 370 1704 nostroe
392 1637 557 1704 conditum
580 1637 647 1702 iem
668 1640 868 1722 putaremus.
912 1636 1048 1712 Quando

50 1725 97 1790 ille
119 1727 336 1810 frumentum,
367 1726 453 1810 quod
479 1725 624 1808 deberet,
654 1745 721 1790 non
752 1724 793 1788 ed
825 1724 911 1789 diem
938 1724 1049 1790 dedit?

51 1815 166 1896 quondo
184 1815 228 1900 id,
252 1814 338 1900 quod
356 1835 441 1900 opus
456 1833 526 1879 esse
543 1815 685 1898 putaret,
706 1831 773 1876 non
789 1812 879 1876 ultro
899 1811 1049 1896 pollicita

51 1903 109 1968 est?
131 1903 262 1988 quando
285 1903 328 1986 id,
350 1902 436 1987 quod
457 1901 682 1986 imperaretur,
704 1898 889 1964 recusavit?
933 1897 1049 1982 ltaque

7 1989 97 2070 ,ulle
119 1991 163 2056 Μ.
192 1989 275 2056 Ceto
305 1988 440 2076 Sapiens
472 1990 589 2055 collem
621 1987 789 2073 penariam
821 1986 869 2051 rei
899 1985 1050 2070 publicae

51 2083 178 2164 rosnae,
199 2078 361 2144 nutricem
377 2077 483 2164 plebis
501 2077 669 2142 Romenue
687 2073 831 2141 Siciliam
849 2074 1050 2140 nominabat

52 2163 109 2231 Nos
134 2187 211 2233 vero
240 2167 365 2252 experti
392 2187 504 2232 sumus
530 2164 647 2230 Itelico
673 2161 815 2230 maximo
845 2161 1051 2229 difficillimo·

52 2275 103 2336 qne
126 2255 216 2322 bello
240 2253 384 2321 Siciliam
410 2252 507 2320 nubis
533 2274 600 2318 non
625 2273 686 2338 pro
711 2251 846 2338 penurie
871 2251 968 2335 celle,
994 2251 1051 2317 sed

52 2363 100 2424 pro
132 2344 260 2410 aerario
292 2344 351 2408 illo
385 2342 546 2407 maiorum
579 2345 689 2406 vetere
720 2361 758 2405 ec
788 2339 910 2405 referto
939 2339 1050 2405 fuisse.

25 2427 127 2496 ”Nem
152 2432 224 2497 sine
246 2432 314 2508 ullo
338 2433 470 2515 sumptu
492 2432 606 2494 nostro
633 2428 743 2510 coriis,
769 2427 888 2493 tunicis
910 2427 1051 2493 frumen·

53 2520 137 2602 toque
155 2518 392 2604 suppeditando
410 2516 569 2583 maximos
588 2515 746 2581 exercitus
759 2518 891 2581 nostros
909 2517 1052 2600 vestivit,

54 2606 132 2690 eluit,
148 2607 299 2674 ermsvit.
339 2606 446 2684 Quid?
467 2604 535 2688 illu,
558 2625 640 2688 quse
657 2603 798 2669 forsitan
813 2626 855 2669 ne
873 2582 1087 2708 sentiamus}

55 2695 178 2780 quidem,
196 2695 327 2777 iudices,
346 2696 469 2778 quantu
484 2693 574 2757 sunt!
596 2691 683 2776 quod
700 2692 813 2757 multis
832 2691 1051 2776 locupletiori-

54 2779 105 2846 bus
124 2784 247 2850 civibus
269 2783 401 2866 utimur,
424 2780 510 2866 quod
531 2780 654 2845 hebent
676 2779 908 2865 propinquam,
923 2778 1052 2842 fidelem

27 2867 304 2956 ¹rlructuosemque
326 2868 541 2956 provinciam,
570 2889 634 2953 quo
656 2867 753 2933 facile
780 2870 965 2948 excurrant,
994 2865 1051 2930 ubi

7 3021 9 3032 ζ
54 2956 179 3026 libenter
207 2959 378 3046 negotium
402 2961 531 3045 gerent3
558 2977 640 3040 quos
662 2956 722 3021 ille
744 2955 867 3040 partim
889 2951 1051 3018 mercibus

7 3083 9 3120 3
55 3047 285 3132 suppeditandis
321 3067 394 3112 oum
431 3048 568 3130 queestu
608 3042 862 3129 compendioque
904 3040 1051 3125 dimittit,

7 3149 9 3192 ἱ
54 3135 162 3216 perum
175 3136 304 3218 retinet,
322 3139 475 3217 uterere,
492 3137 684 3218 utpeseere,
702 3135 741 3195 ut
756 3129 920 3214 negotiari
938 3129 1049 3213 libeat,

8 3227 9 3232 ’
54 3225 86 3284 ut
96 3222 226 3308 denique
238 3223 330 3288 sedes
342 3243 380 3288 ec
394 3221 593 3287 domicilium
607 3219 775 3285 collocare.
803 3215 896 3293 Quod
910 3239 1052 3282 commo-

29 3307 124 3374 edum
135 3332 198 3377 non
210 3311 372 3377 mediocre
384 3310 433 3374 rei
449 3309 598 3394 publicae
617 3311 676 3389 est,
694 3309 823 3371 tentum
842 3305 960 3371 civium
976 3304 1052 3385 [Ro-

7 3419 9 3456 τ
57 3403 227 3481 munorum]
235 3419 406 3465 numerum
416 3401 485 3462 tem
495 3418 597 3482 prope
606 3394 649 3460 eb
660 3395 765 3479 domo,
778 3397 848 3459 tem
856 3392 952 3458 bonis
968 3393 1052 3458 fruc·
1185 3467 1186 3479 ,

7 3509 9 3524 >
57 3485 210 3572 lucrisque
229 3487 326 3554 rebus
350 3485 495 3552 detineri.
530 3483 577 3550 Et
599 3483 752 3568 quonium
776 3481 870 3567 quusi
893 3481 1086 3565 quaedemr
