2386 3938
342 148 420 204 cnP.
440 155 542 204 ro-er
563 154 578 214 5
598 154 710 204 ao-ro.
962 149 1026 213 119

49 295 191 360 honestius
209 294 252 360 sit
270 314 380 360 eorum
399 315 505 376 causa,
528 292 620 393 apud·
636 313 717 377 quos
742 295 895 375 quaestor
916 291 1026 375 fueris,

49 403 345 535 miribelli
361 380 655 535 ttssttttttt
674 379 875 552 3¹35?le
894 468 1026 552 sens
1044 481 1079 530 o

48 557 94 622 boc
113 559 171 622 sibi
193 557 428 642 amplissimum
450 558 765 642 pulcherrimumque
789 556 962 638 ducebant,
985 557 1026 621 ab

30 645 206 729 shospioibus
239 645 473 731 clientibusque
503 646 584 730 suis,
616 645 657 710 ab
685 645 803 710 exteris
830 644 1028 728 nationibus,

48 755 111 815 quae
127 734 160 798 in
177 734 354 800 amicitiam
371 733 485 818 populi
503 733 643 798 Romani
665 732 886 821 dicionemque
910 737 1027 815 essent,

47 821 157 886 iniurias
182 823 375 907 propulsare
403 843 576 906 eorumque
598 821 747 886 fortunas
771 821 948 886 defendere.
984 820 1027 886 M.

48 907 178 974 tatonem
200 910 297 975 illum
315 907 510 994 Sapientem,
532 909 747 974 clarissimum
770 910 875 975 virum
898 913 932 974 et
953 931 1027 993 pru-

48 995 262 1081 dentissimum,
288 1019 360 1062 cum
387 997 501 1063 multis
529 1017 644 1084 graves
672 996 859 1062 inimicitias
887 998 1027 1082 gessisse

23 1087 202 1168 occepimus
238 1089 374 1170 propter
409 1085 644 1169 Hispanorum,
680 1084 765 1168 apud
801 1106 882 1169 qnos
915 1086 1028 1151 consul

48 1171 142 1256 luerat,
167 1174 314 1238 iniurias.
359 1171 472 1258 Nuper
499 1171 555 1238 (ln.
572 1172 755 1238 Domitium
777 1173 895 1238 scimus
917 1172 961 1237 M.
980 1171 1029 1238 Si·
1047 1185 1080 1235 ot

48 1260 104 1325 leno
120 1261 201 1327 diem
220 1262 340 1326 dixisse
360 1265 495 1346 propter
517 1261 611 1326 unius
634 1260 775 1324 hominis
798 1260 1029 1346 Aegritomari,

48 1350 150 1428 paterni
176 1350 275 1416 amici
302 1354 399 1434 atque
424 1349 579 1434 hospitis,
609 1348 753 1414 iniurias.
799 1347 913 1432 Neque
941 1350 1027 1414 enim
1038 1345 1078 1409 21

50 1438 130 1521 uagis
155 1440 283 1504 animos
310 1438 479 1504 bominum
501 1437 686 1503 nocentium
709 1458 760 1502 res
783 1459 938 1521 umquam
961 1437 1030 1503 ulla

26 1527 198 1590 commovit
211 1549 311 1612 quam
324 1527 404 1592 haec
420 1527 579 1592 maiorum
597 1525 794 1590 consuetudo
813 1525 913 1612 longo
932 1526 1029 1590 inter·
1158 1591 1161 1599 ,

51 1613 114 1678 vallo
130 1615 269 1699 repetita
286 1637 325 1679 ac
341 1615 454 1697 relato,
477 1614 638 1679 sociorum
659 1613 877 1696 querimoniae
900 1613 1029 1678 delatae

51 1699 79 1762 od
97 1701 253 1768 hominem
277 1723 344 1768 non
364 1703 620 1784 inertissimum,
638 1705 805 1784 susceptae
829 1701 870 1764 ab
894 1723 946 1784 eo,
974 1702 1030 1785 qui

51 1787 191 1855 ridebatur
208 1813 321 1857 eorum
339 1790 487 1856 fomanus
510 1789 573 1854 fide
597 1788 829 1874 diligentiaque
853 1811 910 1853 sua
934 1811 1029 1872 posse

51 1873 199 1943 defendere.
236 1877 310 1944 Hoc
327 1878 444 1942 timent
461 1877 618 1960 homines,
635 1877 697 1940 hoc
717 1876 879 1959 laborant,
901 1876 964 1942 boo
982 1876 1028 1940 in-
1047 1887 1081 1938 oe

29 1963 121 2028 nortui
145 1971 243 2050 atque
271 1966 351 2031 adeo
378 1966 565 2031 institutum
592 1963 706 2029 referri
731 1984 768 2028 ac
791 1964 942 2028 renovari
964 1986 1030 2028 mo·

53 2048 110 2115 leste
133 2053 256 2138 ferunt3
286 2057 404 2139 putant
431 2053 500 2119 fore
527 2057 578 2137 ut,
610 2053 640 2117 si
665 2052 825 2135 paulatim
850 2052 931 2117 haec
957 2072 1030 2118 con·

53 2141 159 2206 suetmlo
197 2164 328 2226 serpere
365 2164 402 2208 ac
426 2141 566 2226 'prodire
602 2140 758 2225 coeperit,
794 2160 852 2225 per
882 2140 1029 2207 homines

52 2223 272 2296 honestissimos
291 2231 441 2316 virosque
458 2229 667 2314 fortissimos,
683 2250 751 2293 non
768 2229 936 2313 imperitos
956 2229 1030 2295 adu·

52 2312 220 2385 lescentulos
242 2323 299 2384 aut
321 2319 410 2383 illius
434 2317 522 2382 modi
544 2317 815 2402 quadruplatores
837 2318 927 2404 leges
951 2317 1030 2382 iudi·

30 2402 139 2487 ²⁵eisque
162 2407 437 2472 administrentur.
478 2404 577 2473 Cuius
601 2405 840 2470 consuetudinis
864 2408 961 2489 atquo
983 2406 1030 2470 in-
1048 2415 1082 2465 oe

54 2490 136 2556 stituti
150 2500 262 2579 patres
280 2495 482 2578 maioresque
500 2497 631 2559 nostros
653 2515 719 2558 non
741 2494 930 2577 paenitebat
950 2498 1030 2575 tum,

54 2597 106 2644 uum
116 2580 147 2646 P.
160 2583 326 2666 Lentulus,
344 2583 373 2648 is
388 2583 444 2666 qui
457 2582 605 2666 princeps
620 2585 752 2647 senatus
765 2580 838 2665 fuit,
857 2582 1030 2648 accusabat

54 2661 90 2728 Μ’.
103 2667 264 2753 Aquilium
291 2672 510 2754 subscriptore
537 2669 572 2736 0.
595 2669 720 2735 Rutilio
745 2669 846 2753 Rufo,
873 2672 930 2734 aut
957 2689 1030 2733 cnm

55 2749 78 2814 P·
97 2754 276 2841 Africanus,
308 2759 407 2824 homo
438 2758 573 2840 virtute,
603 2757 750 2841 fortuna,
782 2757 901 2843 gloria,
933 2756 1030 2820 rebus

32 2843 132 2920 egenis
156 2846 389 2930 amplissimus,
415 2849 629 2930 posteaquam
651 2846 702 2910 bis
726 2845 838 2912 consul
861 2847 894 2908 et
917 2865 1031 2909 consor

55 2923 144 3017 fueret,
162 2933 198 2998 L.
217 2933 349 3000 Cottam
367 2934 402 2999 in
422 2934 576 3001 iudicium
598 2934 746 2999 vocabat.
786 2932 859 2997 Iuro
882 2935 953 2996 tum
975 2930 1031 2996 flo-

56 3015 125 3110 reboo
152 3022 264 3106 populi
294 3021 433 3088 Romani
464 3042 595 3106 nomen,
626 3021 696 3086 iure
728 3019 905 3086 auotoritas
934 3019 1031 3083 huius

55 3107 156 3187 upon
172 3111 375 3193 civitatisque
394 3109 548 3176 maiestas
568 3109 678 3196 gravis
696 3109 887 3175 habebatur.
924 3105 1031 3174 Nemo

57 3190 206 3262 mirabatur
225 3198 260 3262 in
277 3197 431 3264 Africano
453 3198 522 3281 illo,
545 3197 631 3282 quod
654 3197 688 3261 in
711 3219 762 3262 me
784 3219 878 3279 nuno,
900 3195 1031 3261 homino

36 3283 140 3355 *larvis
161 3286 274 3369 opibus
298 3308 335 3352 ao
357 3285 570 3352 facultatibus
592 3284 754 3370 praedito,
782 3284 938 3350 simulant
961 3303 1031 3348 sose

59 3365 155 3454 uberi,
189 3395 261 3438 oum
294 3375 430 3438 moleste
461 3373 582 3438 ferunt:
615 3370 715 3446 ‘Quid
746 3371 810 3436 sibi
841 3373 903 3436 iste
936 3369 1030 3435 vult?
1050 3378 1084 3427 ⁷⁰

60 3465 288 3526 muunremno
307 3483 341 3526 se
363 3460 551 3543 existimari,
574 3459 630 3543 qui
648 3464 745 3524 antea
765 3458 933 3524 defendere
956 3479 1031 3522 cou-
