2470 3936
131 149 134 156 '
163 169 230 234 486
462 162 818 220 nomannorum.
837 161 872 217 u

163 311 359 398 produxero,
385 309 442 394 qui
469 329 545 374 suos
571 308 708 374 libertos
731 308 791 373 ebs
814 311 848 372 te
871 307 976 372 securi
998 327 1161 390 percussos

108 463 114 472 ,
164 421 237 466 csse
254 399 350 482 dicat,
372 398 427 483 qui
446 397 504 462 ebs
522 401 556 462 ts
573 418 690 462 navem
708 417 802 462 suam
824 415 1011 479 mercesque
1032 399 1162 480 repetat,

164 488 316 572 refellite,
334 487 363 552 si
375 485 512 572 poteris3
530 505 638 551 meum
651 488 771 550 testem
790 483 947 566 deseram,
964 483 1026 548 tibi
1043 482 1162 565 favebo,

160 581 212 659 re,
242 577 388 662 inquam,
420 573 594 657 adiuvabo,
626 571 789 638 ostendito
818 572 896 637 illos
923 593 997 638 cnm
1023 568 1161 636 Sertorio

164 665 279 749 fuisse,
305 664 346 729 sb
372 661 491 727 Dianio
518 661 673 748 tugientis
700 660 743 726 ud
764 658 909 726 Siciliam
937 680 1009 724 esse
1035 659 1183 724 delatosr

7 823 8 830 χ
165 752 259 818 Nihil
292 756 354 835 est,
391 749 477 834 quod
508 753 542 815 te
573 749 706 814 mallem
738 749 888 833 probare3
924 749 1053 813 nullum
1084 749 1162 812 enirn

7 835 8 930 i
165 841 304 924 facinus,
336 838 421 923 quod
449 838 571 902 maiore
599 837 759 922 supplicio
787 837 921 922 dignum
949 836 1007 920 sit,
1035 837 1161 922 reperiri

7 933 8 946 ¹
115 944 167 995 ros
182 949 286 1012 neque
304 926 445 1012 proferri
462 930 580 1010 potest.
619 925 784 990 Reducem
805 924 925 990 iterum
948 925 1090 1009 equitem
1105 923 1162 988 Ro·

166 1037 308 1100 manum‚
329 1015 365 1082 L.
382 1014 542 1097 Flauium,
564 1013 593 1078 ri
609 1013 710 1098 voles,
733 1013 885 1098 quoniam
903 1013 1015 1098 priore
1037 1014 1162 1095 actione,

166 1111 204 1174 ut
229 1104 360 1191 patroni
386 1103 436 1169 tui
462 1103 628 1185 dictitant,
653 1123 740 1166 nove
767 1101 908 1187 qusdsm
932 1101 1194 1187 sapientis,nt1⁰

167 1215 279 1260 omnes
305 1192 516 1277 intellegunt,
542 1189 740 1258 conscientie
766 1195 824 1255 tus
850 1193 950 1273 atque
977 1190 1162 1256 auctoritate

167 1303 313 1348 meorum
343 1280 477 1345 testium
506 1283 624 1344 testem
650 1279 778 1343 nullum
803 1277 1028 1364 interrogssti.
1071 1276 1163 1342 Inter·

166 1375 302 1456 rogetur
319 1369 462 1452 Flavius,
484 1367 514 1432 si
534 1368 635 1451 voles,
658 1367 790 1452 quinam
812 1365 912 1431 fuerit
929 1365 966 1430 L.
980 1364 1163 1448 Herennius,

113 1523 116 1528 ,
166 1459 195 1523 is
213 1479 311 1541 quem
330 1458 388 1522 ille
411 1455 631 1542 argentariam
650 1454 747 1540 Lepti
768 1453 881 1519 fecisse
905 1453 997 1538 dicit3
1020 1454 1077 1538 qui
1098 1475 1162 1520 cum

167 1544 307 1630 amplius
335 1548 464 1610 centum
490 1544 570 1608 civis
593 1543 758 1608 Romanos
785 1541 920 1610 haberet
947 1563 987 1606 ex
1012 1546 1195 1608 conventus

166 1629 385 1717 Syracusano,
417 1631 478 1715 qui
505 1653 578 1696 sum
609 1653 676 1697 non
703 1632 809 1696 solum
836 1636 1083 1716 cognoscerent,
1112 1629 1162 1695 sed

166 1723 267 1788 etiam
280 1719 488 1787 lacrimantes
503 1741 540 1786 so
555 1724 589 1785 te
605 1719 809 1804 inplorantes
827 1717 1044 1804 defenderent,
1061 1724 1162 1784 tomen

166 1809 424 1894 inspectantibus
454 1808 604 1874 omnibus
631 1805 841 1891 Syracusanis
869 1807 974 1872 securi
1000 1827 1161 1893 percussus

167 1902 226 1964 est.
279 1896 375 1962 Hunc
410 1918 537 1981 quoque
572 1900 690 1960 testem
726 1917 834 1961 meum
869 1894 977 1960 refelli
1013 1900 1047 1960 et
1076 1897 1161 1961 illurn

166 1985 367 2052 Herennium
390 1983 611 2050 Sertorianum
637 1983 738 2050 fuisse
761 1985 819 2048 ebs
842 1987 875 2048 te
898 1983 1113 2050 demonstrari
1134 1989 1194 2049 etr

115 2074 451 2235 6⁰pr⁰ldladildvddoilla
470 2159 677 2224 multitudine
699 2159 840 2225 dicemus
863 2181 975 2225 eorum
1009 2161 1066 2244 qni
1087 2159 1161 2243 capi·

115 2211 255 2313 156tibus
280 2247 435 2311 involutis
458 2247 493 2310 in
514 2247 695 2332 piratarum
718 2248 919 2334 captivorum
940 2209 1076 2314 ndmero
1098 2269 1160 2333 pro

167 2334 377 2418 ducebantur,
413 2338 450 2399 ut
485 2335 590 2400 securi
618 2335 815 2401 ferirentur?
869 2334 958 2411 Quse
990 2337 1057 2402 ista
1085 2357 1160 2402 nova

165 2423 345 2510 diligentie,
368 2445 467 2507 quum
484 2423 527 2489 ob
550 2445 681 2489 oausam
703 2425 762 2489 abs
785 2429 818 2488 te
841 2424 1050 2510 excogitate?
1073 2446 1113 2490 sn
1132 2429 1193 2488 tes

164 2512 201 2578 L.
214 2512 309 2578 Flavi
327 2515 570 2596 ceterorumque
589 2512 628 2576 de
645 2511 681 2576 L.
694 2511 858 2578 Herennio
876 2512 1068 2578 vociferatio
1086 2533 1160 2578 oom-

165 2601 340 2668 movebat?
369 2623 411 2664 sn
433 2600 475 2665 M.
494 2600 595 2683 Anni,
618 2600 803 2686 gravissimi
825 2603 922 2685 utque
945 2599 1159 2666 honestissimi

165 2689 239 2774 viri,
271 2710 398 2754 summa
429 2688 606 2754 auctoritas
633 2689 731 2772 paulo
759 2688 1000 2775 diligentiorem
1027 2689 1160 2754 timidio

163 2798 296 2861 remque
326 2775 470 2842 fecerat?
503 2777 559 2860 qui
590 2798 693 2860 nuper
720 2797 780 2861 pro
808 2777 998 2842 testimonio
1024 2798 1091 2844 non
1114 2775 1161 2841 cd·

161 2887 280 2930 venem
302 2865 411 2930 nescio
435 2885 531 2948 quem
551 2885 611 2930 nec
632 2865 784 2948 alienum,
807 2864 863 2929 sed
886 2886 960 2929 eum
983 2865 1087 2931 civem
1105 2865 1162 2930 Ro
1173 2877 1194 2920 ω

163 2975 309 3037 manum,
345 2952 401 3037 qui
436 2953 585 3018 omnibus
616 2953 652 3016 in
682 2953 741 3017 illo
773 2956 934 3018 conventu
964 2957 1077 3036 notus,
1111 2950 1162 3037 qui

163 3039 329 3123 Syracusis
357 3044 456 3105 natus
482 3044 581 3124 esset,
609 3040 668 3105 abs
695 3044 728 3105 te
756 3041 861 3106 securi
886 3062 1076 3125 percussum
1098 3060 1161 3106 esse

111 3139 160 3189 157
180 3127 269 3196 dixit.
313 3127 395 3193 Post
421 3129 505 3194 hanc
527 3129 659 3194 illorum
681 3127 959 3212 vociferationem,
985 3133 1063 3214 post
1084 3129 1161 3194 hanc

161 3235 364 3282 communem
388 3215 511 3281 famam
534 3221 631 3300 atque
654 3216 890 3301 querimoniam
912 3238 979 3282 non
1000 3217 1112 3284 mitior
1131 3216 1161 3280 in

81 3325 89 3336 ·
160 3303 647 3456 cccccccccc
673 3305 1192 3458 {succisurus

160 3491 242 3551 quos
264 3472 516 3542 tomen-idcirco
539 3478 679 3543 necabat
700 3414 834 3564 palam?
854 3479 940 3565 quod
962 3415 1109 3546 hommincs
1130 3439 1162 3542 id
