2402 3936
149 179 214 244 266
445 175 485 228 IN
504 175 532 230 0.
552 174 708 230 VERREM
725 175 805 230 Aer.
825 175 856 230 ll.

149 323 315 389 societatis
329 321 475 405 fuissent,
490 321 575 405 apud
589 341 669 404 quos
684 320 819 385 tabulae
832 319 982 385 fuissent.
1015 318 1164 386 Sciebam

149 413 235 478 enim
262 412 346 476 hane
373 409 619 495 magistrorum,
648 409 703 493 qui
730 409 863 473 tabulas
885 409 1062 491 haberent,
1089 431 1165 474 oon-

149 499 353 565 suetudinem
373 519 457 581 esse,
478 500 530 581 ut,
554 518 626 562 oum
647 496 780 562 tabulas
802 518 888 563 novo
911 498 1077 583 magistro
1101 501 1166 562 tra-

149 589 276 673 derent,
308 587 456 671 exempla
482 586 666 660 litterarum
694 585 758 669 ipsi
785 585 906 650 habere
933 607 1001 650 non
1028 586 1166 651 nollent.

149 677 265 762 Itaque
291 676 332 740 ad
353 675 390 742 L.
403 673 551 756 Vibium,
579 673 720 759 equitem
743 672 941 756 Romanum,
956 675 1080 739 *virum
1104 675 1189 759 pri-⁵

150 767 302 848 marium,
329 785 426 847 quem
453 763 655 846 reperiebam
682 761 880 848 magistrum
904 761 1007 826 fuisse
1031 784 1069 827 eo
1095 763 1167 848 ipso

149 849 1064 1006 smhqmnffishhplm
1072 852 1167 1004 §tl

150 1033 241 1094 tatus
261 1051 341 1111 sum,
365 962 447 1112 qhae
466 962 574 1112 potui?
592 1030 625 1091 et
643 961 801 1110 quaesivip
809 1026 931 1110 omnia,
954 1026 1067 1092 inveni
1087 1028 1167 1092 duos

151 1119 240 1184 solos
272 1117 403 1182 libellos
435 1139 455 1180 a
480 1115 516 1179 L.
540 1113 696 1180 Canuleio
728 1113 845 1179 missos
873 1115 971 1180 soeiis
1000 1136 1041 1180 ex
1065 1120 1167 1200 portu

152 1206 330 1290 Syracusis,
352 1205 387 1269 in
406 1203 522 1288 quibus
541 1207 614 1268 erat
632 1203 754 1288 scripta
776 1204 862 1267 ratio
886 1224 1059 1268 mensuum
1083 1227 1167 1270 eom·

151 1295 294 1379 plurium
321 1315 429 1358 rerum
457 1294 703 1376 exportatarum
724 1291 821 1356 istius
844 1293 977 1356 nomine
1000 1292 1072 1357 sine
1096 1315 1167 1378 por-

100 1395 150 1444 183
170 1383 265 1448 torio.
309 1381 424 1464 Itaque
452 1379 624 1465 obsignavi
646 1379 769 1443 statim.
814 1379 838 1462 †
864 1378 972 1445 Flrsnt
996 1380 1107 1462 [haee]
1132 1403 1168 1444 ex

152 1470 266 1534 eodem
293 1490 424 1555 genere,
453 1468 539 1551 quod
564 1489 626 1553 ego
649 1467 789 1532 maxime
813 1488 915 1552 genus
939 1489 980 1532 ex
1002 1468 1168 1534 sociorum

151 1557 272 1621 litteris
284 1556 426 1640 reperire
440 1556 619 1640 cupiebam,
632 1577 745 1620 verum
758 1559 889 1620 tantum
901 1556 1024 1641 inveni,
1036 1556 1167 1641 iudicas,

152 1645 239 1730 quod
260 1644 346 1729 apud
369 1664 427 1709 vos
451 1645 545 1727 quasi
569 1643 708 1728 exempli
730 1665 830 1710 eausa
850 1642 998 1728 proferre
1020 1666 1166 1728 possem3

153 1734 210 1800 sed
232 1737 356 1817 tamen,
385 1732 536 1817 quioquid
563 1733 625 1797 erit
651 1733 687 1796 in
713 1731 765 1796 his
794 1731 930 1816 libellis,
958 1734 1167 1816 quantulum·

152 1845 289 1907 eumque
306 1821 475 1887 'ridebitur
498 1842 581 1905 esse,
606 1820 669 1885 hoo
691 1819 821 1902 quidem
844 1823 931 1885 eerte
954 1820 1165 1886 manifestum

152 1911 229 1995 erit,
256 1911 295 1976 de
323 1910 438 1975 esteris
466 1931 505 1973 ex
532 1909 594 1974 hoe
622 1907 840 1974 coniecturam
863 1907 972 1973 faeere
996 1909 1165 1974 debebitis.

151 1999 267 2064 Reoita
293 1998 387 2081 mihi,
416 2017 550 2081 quaeso,
576 1997 663 2062 huno
690 1996 832 2081 primum
859 1996 1024 2082 libellum,
1051 1997 1166 2063 deinde

152 2086 248 2150 illum
272 2085 421 2149 alterum.
462 2083 610 2148 hrenum
633 2083 862 2150 Orrunrrnrr.

131 2201 133 2206 ¹
219 2163 295 2236 Non
313 2193 443 2254 quaero,
465 2171 550 2234 unde
569 2187 657 2236 coco
678 2173 852 2258 amphoras
872 2173 980 2238 mellis
1004 2173 1167 2258 habueris,

152 2259 236 2324 unde
259 2261 389 2323 tantum
407 2257 636 2344 Melitensium,
659 2261 744 2326 unde
766 2279 788 2324 n
812 2261 1031 2328 tricliniorum
1056 2263 1165 2346 lectos,

152 2346 236 2412 unde
256 2350 309 2412 tot
331 2347 539 2432 candelabra3
561 2370 642 2432 non,
664 2348 811 2434 inquam,
834 2350 900 2414 iam
923 2373 1060 2434 quaero,
1080 2351 1164 2415 unde

151 2436 233 2501 haee
260 2436 427 2520 habueris,
459 2435 515 2501 sed
543 2459 606 2522 quo
634 2439 764 2502 tantum
790 2437 853 2502 tibi
881 2459 962 2522 opus
986 2439 1103 2523 fuerit,
1132 2439 1164 2503 id

154 2545 283 2610 quaero.
325 2523 450 2590 Omitto
470 2524 510 2589 de
533 2525 639 2610 melle,
662 2525 718 2590 sed
741 2528 911 2590 tantumne
933 2525 1165 2611 Melitensium,

123 2613 248 2726 5quasi
267 2612 365 2678 etiam
385 2613 562 2679 amicorum
580 2635 706 2697 uxores,
730 2617 861 2678 tantum
879 2614 1049 2698 lectorum,
1072 2615 1165 2700 quasi

101 2739 152 2790 184
172 2702 317 2768 omnium
347 2702 487 2766 istorum
519 2701 617 2766 villas
643 2705 822 2767 ornaturus
856 2707 964 2768 esses?
1015 2703 1063 2769 Et
1092 2725 1164 2769 eum

152 2790 233 2856 haee
246 2811 424 2876 paucorum
438 2810 608 2854 mensuum
626 2789 711 2854 ratio
729 2789 764 2852 in
782 2789 834 2854 bis
853 2790 974 2855 libellis
995 2792 1049 2876 sit,
1067 2791 1163 2858 facite

152 2883 190 2943 ut
216 2879 310 2944 vobis
337 2877 471 2942 triennii
498 2877 600 2942 totius
628 2877 739 2942 veniat
761 2877 796 2941 in
818 2883 970 2947 mentem,
1016 2878 1071 2946 Sic
1093 2901 1162 2946 oon·

152 2966 265 3051 tendo,
294 2989 334 3031 ex
361 2966 412 3030 his
439 2965 561 3030 libellis
588 2966 699 3050 parvis
728 2965 814 3051 apud
840 2987 940 3031 unum
968 2969 1162 3054 magistrum

154 3055 318 3119 societatis
346 3055 484 3138 repertis
511 3075 570 3118 vos
598 3054 664 3118 iam
692 3053 877 3120 oonieetura
902 3055 1037 3139 adsequi
1060 3077 1163 3142 posse,

153 3140 352 3207 cuiusmodi
374 3143 494 3226 praedo
518 3141 581 3206 iste
603 3141 637 3205 in
660 3141 721 3206 illa
743 3143 912 3226 provineia
934 3143 1044 3226 fuerit,
1069 3165 1163 3229 quam

153 3228 275 3294 multas
303 3229 510 3314 cupiditates,
540 3250 637 3313 quam
664 3231 787 3313 varias,
814 3253 913 3315 quam
940 3231 1088 3298 infinitas
1111 3233 1163 3296 ha-

152 3315 273 3398 buerit,
310 3321 467 3399 quantam
502 3317 673 3400 peeuniam
708 3340 775 3382 non
812 3318 918 3384 solum
951 3325 1163 3402 numeratam,

152 3401 379 3464 verumetiam
393 3403 429 3466 in
440 3404 574 3470 huiusce
593 3405 681 3469 modi
699 3405 796 3470 rebus
814 3407 958 3491 positam
976 3409 1162 3490 eonfeoerit3

101 3494 152 3543 185
172 3503 253 3565 quae
267 3485 360 3548 vobis
376 3488 441 3552 alio
456 3490 528 3554 loeo
547 3492 677 3575 planius
697 3493 954 3577 explicabuntur.
986 3494 1083 3561 Nune
1104 3497 1163 3560 hoe
