2392 3944
304 176 370 230 ιιΒ.
390 176 416 230 11
443 177 519 232 cap.
539 184 573 231 ιι
576 183 644 232 -ae
663 183 678 243 e
697 181 764 232 aa·
767 181 810 232 aa.
997 177 1064 242 231

58 321 180 388 sicheri
193 325 310 405 pee'tae
324 325 435 386 statua
453 319 592 385 senilis
582 341 716 385 meur-va
734 341 807 385 eum
825 321 910 386 libre
929 343 1066 405 summe,

59 414 97 473 ut
122 413 255 494 putant,
286 409 423 474 artifieio
451 409 552 492 faeta,
581 409 638 492 qui
664 407 728 473 fuit
754 407 923 492 Himerae,
948 410 1005 474 sed
1032 372 1066 474 ει

59 502 109 562 est
127 502 161 561 et
178 497 244 562 fuit
265 501 339 563 tota
356 495 493 562 Graecia
514 518 642 561 summo
664 497 830 582 prepter
820 497 986 598 ingenium
1009 497 1065 562 he·

58 605 137 650 nore
156 589 192 650 et
211 585 349 650 nemine.
389 583 479 650 Haec
500 583 564 649 ista
587 584 660 648 ad
650 585 811 650 insaniam
829 585 1065 671 concupiverat.

33 673 184 756 ⁵Etiam,
217 673 302 756 quod
333 671 443 758 paene'
466 673 633 757 praeterii,
665 673 791 758 capella
821 673 978 757 quaedam
1006 678 1065 756 est,

59 762 247 844 ecquidem
266 761 356 844 mire,
374 766 412 826 ut
430 761 529 826 etiam
547 779 617 844 nos,
636 761 691 844 qui
709 762 804 826 rudes
822 761 939 827 harum
956 783 1065 826 rerum

58 871 183 933 sumus,
211 849 402 934 intellegere
428 847 614 934 possumus,
642 849 722 914 scite
748 849 836 915 facta
863 855 897 915 et
921 855 1064 916 venuste.

57 937 147 1002 Haec
180 942 215 1002 et
246 937 312 1002 alia
343 935 450 1022 Scipio
482 957 548 1002 non
577 937 789 1023 neglegenter
822 938 996 1022 abiecerat,
1027 943 1066 1004 ut

57 1025 154 1090 hemo
183 1025 378 1110 intellegens
397 1023 516 1090 Verres
541 1025 668 1090 auferre
690 1029 816 1110 posset,
843 1026 899 1090 sed
922 1026 1065 1091 Thermi-

25 1129 46 1168 ιι
58 1115 144 1178 tanis
163 1114 364 1196 restituerat,
381 1134 446 1178 nen
463 1133 528 1196 que
546 1113 617 1198 ipse
635 1113 749 1178 hortos
768 1117 825 1178 aut
844 1114 1065 1178 suburbanum

58 1207 113 1267 aut
140 1202 251 1267 lecum
279 1202 426 1284 omnine,
451 1201 509 1266 abi
535 1223 574 1266 ea
596 1205 744 1286 poneret,
770 1201 898 1282 nullum
920 1202 1065 1285 haberet,

58 1290 113 1354 sed
144 1289 248 1374 quod,
279 1287 308 1354 si
334 1289 465 1354 demum
496 1289 699 1372 abstulisset,
730 1310 796 1354 non
824 1289 878 1354 diu
906 1287 1064 1375 Scipionis

58 1377 313 1463 appellarentur,
335 1377 391 1478 saei
410 1397 530 1461 eorum,
553 1378 594 1442 ad
613 1398 831 1461 quoscumque
849 1378 938 1443 illius
960 1383 1064 1443 morte

58 1467 239 1549 venissent3
261 1463 404 1530 nunciis
428 1466 508 1531 locis
529 1465 640 1566 posita
663 1470 752 1550 sunt,
774 1466 916 1532 etmihi
938 1487 1065 1552 semper

27 1551 219 1638 uscipionis
242 1553 313 1618 fore
335 1553 554 1620 videanturt
526 1557 637 1637 itaque
660 1554 816 1620 dieantur.

122 1641 215 1706 Haec
233 1663 307 1706 cum
329 1643 392 1706 iste
414 1645 562 1727 posceret
584 1647 798 1728 agereturque
822 1665 865 1708 ea
882 1643 992 1708 resin
1015 1614 1118 1740 se36

59 1735 150 1813 natu,
179 1727 334 1794 Sthenius
361 1729 643 1795 vehementissime
670 1730 792 1795 restitit
820 1732 1000 1814 multaque,
1027 1691 1118 1795 ιιι88

59 1817 230 1903 inprimis
252 1815 468 1883 Siculorum
458 1818 648 1883 indicendo
672 1817 822 1902 copiosus
845 1822 905 1900 est,
927 1839 1064 1882 cemme-

60 1907 211 1972 metavit.
233 1905 347 1970 urbem
365 1905 547 1990 relinquere
565 1905 784 1970 Thermitanis
803 1925 874 1970 esse
894 1867 1063 1970 honestius

29 2007 154 2078 2⁰quam
178 1994 271 2082 pati
272 1994 347 2058 tolli
368 2015 408 2058 ex
430 1993 510 2059 urbe
533 1997 743 2058 monumenta
767 1993 936 2076 meierum,
956 1993 1064 2094 spolia

60 2083 217 2166 hostium,
253 2073 408 2147 beneficia
439 2082 612 2147 clarissimi
643 2082 718 2165 viri,
748 2081 874 2147 indicia
899 2081 1063 2147 societatis

60 2171 172 2256 pepuli
191 2169 332 2235 Romani
350 2174 448 2254 atque
471 2169 642 2235 amicitiae.
678 2167 842 2236 Commeti
864 2170 965 2236 animi
988 2172 1064 2236 sunt

60 2259 218 2342 emnium,
249 2261 407 2342 repertus
429 2261 481 2322 est
511 2279 620 2340 neme,
652 2257 708 2342 qui
739 2279 805 2324 nen
833 2259 916 2324 ιιιοιι
944 2258 1064 2324 diceret

61 2347 161 2411 satius
186 2367 265 2410 esse.
301 2345 417 2430 Itaque
434 2346 496 2412 hee
514 2345 617 2412 adhue
636 2345 790 2432 oppidum
803 2345 921 2412 Verres
940 2347 1064 2412 invenit

31 2445 159 2518 ²tprope
186 2433 293 2499 selum
315 2434 350 2498 in
372 2435 450 2500 erbe
473 2438 646 2516 terrarum,
674 2434 757 2498 unde
779 2433 862 2498 nihil
885 2435 953 2500 eius
977 2435 1064 2502 modi

61 2543 166 2586 rerum
186 2521 225 2586 de
243 2521 373 2608 publico
391 2541 449 2608 per
466 2522 543 2608 vim,
560 2521 643 2586 nihil
662 2522 795 2605 occulte,
817 2523 900 2587 nihil
918 2523 1064 2607 imperio,

61 2610 140 2674 nihil
160 2610 279 2695 gratia,
300 2610 384 2674 nihil
402 2611 509 2694 pretio
527 2614 640 2695 posset
659 2610 793 2675 auferre.
824 2610 946 2676 Verum
967 2611 1063 2674 hasce

63 2699 126 2763 eius
145 2697 342 2782 cupiditates
361 2718 520 2782 exponam
539 2698 603 2763 alie
623 2698 708 2780 loee;
731 2719 816 2764 nune
835 2698 875 2763 ad
894 2696 1063 2762 Sthenium

63 2791 214 2851 revertar.
255 2785 363 2850 Iratus
386 2785 449 2850 iste
471 2786 678 2852 vehementer
701 2784 835 2851 Sthenio
859 2789 893 2850 et
914 2785 1063 2850 incensus
1082 2795 1117 2848 89

34 2885 53 2924 ³⁰
64 2871 288 2959 hospitium
260 2895 290 2938 ιιι
308 2875 482 2957 renuntiat,
505 2874 647 2940 dome
620 2895 688 2938 e1us
707 2875 847 2960 emigrat
857 2876 963 3024 tatquc
984 2871 1063 2937 adeo

64 2962 138 3060 exit,
170 2981 247 3028 nam
275 2963 341 3027 iam
369 2966 444 3027 ante
471 2963 658 3049 emigraret.
701 2961 788 3026 Eum
815 2965 923 3026 autem
952 2960 1064 3024 statim

63 3048 275 3115 inimicissimi
293 3047 408 3116 Stheni
425 3050 558 3116 demum
576 3072 669 3116 suam
687 3050 839 3131 invitant,
860 3052 897 3112 ut
920 3048 1065 3113 animum

6 3181 7 3184 κ
64 3138 127 3202 eius
149 3139 184 3202 in
203 3136 374 3204 Sthenium
396 3139 637 3206 inflammarent
661 3142 767 3202 ament
753 3098 862 3201 ιιιιιιιο
886 3136 1008 3221 aliquid
1032 3140 1065 3200 et

64 3225 268 3292 criminando
303 3225 349 3291 Hi
366 3231 477 3292 autem
495 3227 620 3293 erant
611 3225 734 3290 mimici
725 3223 952 3377 Agathinuta
965 3225 1064 3289 home

35 3314 192 3399 mobilis,
228 3319 262 3379 et
291 3315 493 3398 Dorotheus,
530 3316 585 3400 qui
616 3313 800 3378 habebat'
790 3333 824 3376 ιιι
856 3312 1064 3377 matrimonio

65 3364 282 3498 Callidamam,
301 3403 504 3489 Agathini
477 3423 544 3468 erus
558 3402 675 3485 filiam3
693 3401 732 3466 de
747 3423 811 3486 qua
828 3401 891 3466 iste
911 3401 1066 3482 audierat,

65 3491 167 3573 utaque
201 3492 243 3556 ad
275 3511 430 3576 generum
458 3489 547 3576 Agat
533 3489 618 3555 thini
648 3490 789 3575 migrare
817 3490 957 3555 maluit.-
991 3487 1066 3552 Una
