2402 3936
163 197 229 262 310
463 193 503 247 ΙΝ
521 191 550 246 C.
565 189 719 246 VERREM
737 187 816 244 ACT.
836 187 870 244 lL

162 339 393 406 Menaenorum
430 359 503 403 cum
529 335 670 401 Venerio
707 355 809 400 servo.
863 331 1056 420 Cognoscite
1085 331 1153 394 item

162 428 380 514 professiones
430 425 592 490 sationum
637 426 671 488 et
715 423 881 508 pactiones
930 421 1155 487 Menaenorum.

162 516 350 600 Patiemini,
385 514 519 598 iudices,
555 534 576 577 a
611 511 721 594 sociis,
757 512 798 576 ab
836 510 1019 576 aratoribus
1053 507 1155 593 populi

163 605 318 689 Romani,
358 604 400 668 ab
442 602 502 685 eis,
543 599 599 684 qui
637 599 731 665 uobis
769 600 937 682 laborant,
975 597 1069 664 vobis
1105 617 1157 659 ser·

163 694 270 777 aiunt,
297 691 353 776 qui
379 692 427 756 ita
452 690 582 775 plebem
604 687 785 752 Romanam
813 687 855 752 ab
884 709 955 751 sese
979 686 1024 752 ali
1045 686 1177 764 nolonte

36 834 38 840 .
164 785 201 847 ut
229 781 292 846 sibi
319 801 356 844 ac
383 779 495 843 liberis
523 777 590 842 suis
618 779 747 842 tantum
770 775 926 861 supersit,
952 795 1017 859 quo
1040 773 1108 874 ipsi,
1122 772 1158 836 ali

164 869 304 955 possint,
333 868 374 932 ab
397 867 450 931 his
472 888 531 951 per
554 887 714 930 summam
736 863 902 947 iniuriam,
924 885 983 948 per
1005 861 1158 928 acerbissi-

164 955 477 1110 1rpaappmpopittu?melias
501 953 767 1038 plusualiquanto
791 953 939 1016 ablatum
962 972 1047 1035 esse,
1074 971 1159 1034 quem

114 1149 165 1199 103
233 1133 355 1217 Sentio,
372 1131 502 1214 iudices,
520 1128 752 1195 moderandum
766 1129 832 1194 iam
846 1128 929 1194 mihi
943 1149 1015 1193 esse
1032 1124 1184 1192 orationi1¹

113 3123 159 3187 44

166 1245 258 1288 meae
269 1221 520 1308 fugiendamque
534 1221 678 1284 vestram
692 1217 887 1283 satietatem.
924 1215 1002 1282 Non
1018 1214 1160 1280 versabor

165 1312 201 1376 in
227 1333 291 1375 uno
320 1331 436 1396 genere
458 1307 584 1372 diutius
612 1310 645 1370 et
668 1307 717 1370 ita
739 1309 846 1371 cetera
867 1304 909 1370 de
930 1304 1079 1369 oratione
1099 1321 1160 1366 mea

165 1399 292 1482 tollam,
314 1402 352 1462 ut
372 1399 408 1462 in
429 1417 528 1462 causa
549 1399 660 1460 tamen
682 1395 871 1478 relinquam.
911 1391 1063 1458 Audistis
1079 1389 1160 1476 Agri·

167 1486 383 1572 gentinorum,
400 1484 655 1550 fortissimorum
672 1481 825 1566 virorum,
848 1480 1159 1567 diligentissimorum

167 1577 342 1656 aratorum,
366 1573 593 1657 querimonias,
616 1571 818 1656 cognoscetis
840 1569 1092 1652 Entellinorum,
1114 1566 1185 1630 ho·

167 1661 291 1727 minum
310 1660 428 1726 summi
446 1661 570 1725 laboris
589 1680 796 1744 summaeque
817 1657 1009 1742 industriae,
1031 1657 1160 1722 dolorem

168 1755 201 1816 et
225 1749 374 1833 iniurias,
400 1747 672 1832 Heracliensium,
700 1747 900 1830 Gelensium,
927 1743 1159 1811 Soluntinorum

166 1839 372 1905 incommoda
395 1836 613 1922 proferentur,
641 1833 876 1918 Catinensium,
904 1833 1159 1920 locupletissimo

167 1949 240 1992 rum
271 1926 440 1993 hominum
467 1925 812 2009 amicissimorumque,
844 1944 942 2009 agros
970 1925 1101 1987 vexatos
1126 1917 1159 1982 ab

167 2013 314 2098 Apronio
332 2013 543 2098 cognoscetis,
562 2012 825 2095 Tyndaritanam,
841 2011 1082 2076 nobilissimam
1098 2006 1160 2073 civi·
1174 2030 1185 2049 ·¹

167 2105 282 2184 tatem,
306 2099 629 2183 Cephaloeditanum,
651 2101 879 2184 Haluntinum,
897 2097 1160 2183 Apolloniensem,

166 2188 362 2274 Enguinam,
385 2185 571 2270 Capitinam
589 2189 735 2272 perditas
753 2209 823 2253 esse
842 2188 905 2253 hac
926 2188 1098 2272 iniquitate
1119 2185 1160 2247 de

167 2297 333 2342 eumarum
344 2274 554 2360 intellegetis,
567 2275 748 2361 Inensibus,
762 2277 990 2362 Murgentinis,
999 2273 1160 2352 Assorinis,

166 2363 347 2447 Helorinis,
379 2362 493 2427 Ietinis
525 2363 609 2430 nihil
641 2366 773 2430 omnino
798 2365 961 2448 relictum,
994 2362 1160 2440 Cetarinos,

168 2450 349 2536 Scherinos,
367 2473 542 2536 parvarum
555 2453 725 2518 civitatum
740 2452 899 2536 homines,
918 2452 1051 2518 omnino
1070 2449 1159 2516 abiec-
1172 2464 1186 2473 *⁴

168 2545 220 2607 tos
240 2561 366 2605 esseae
388 2540 542 2625 perditos,
565 2561 676 2607 omnes
700 2540 835 2625 denique
859 2561 956 2627 agros
980 2540 1159 2606 decumanos

167 2653 226 2714 per
251 2628 427 2693 triennium
454 2629 576 2713 populo
603 2628 750 2694 Romano
778 2651 817 2694 ex
843 2632 938 2713 parte
966 2628 1109 2710 decuma,
1133 2621 1160 2688 C.

167 2717 265 2784 Verri
291 2737 330 2780 ex
357 2716 446 2782 omni
473 2717 598 2802 reliquo
621 2717 792 2803 vectigalis
813 2716 928 2801 fuisse,
956 2720 990 2782 et
1011 2716 1160 2800 plerisque

168 2804 352 2872 aratoribus
364 2802 450 2868 nihil
469 2805 600 2869 omnino
619 2805 829 2889 superfuisse3
852 2805 881 2869 si
898 2805 951 2870 cui
969 2805 1047 2890 quid
1064 2807 1159 2870 autem

169 2898 226 2958 aut
261 2893 411 2958 relictum
447 2895 505 2957 aut
539 2893 710 2958 remissum
747 2894 804 2975 sit,
839 2893 873 2957 id
903 2892 1005 2958 fuisse
1036 2895 1159 2970 tantum,
1177 2910 1184 2929 ⁴·

169 2986 326 3131 puerptum
349 3002 388 3045 ex
410 3001 461 3063 eo,
487 3002 551 3063 quo
573 2981 669 3046 istius
692 2981 831 3046 avaritia
853 2985 1007 3046 contenta
1028 2981 1101 3064 fuit,
1121 2997 1160 3040 re

190 3089 234 3131 un
256 3070 329 3132 arit.

117 3201 169 3250 104
234 3154 381 3220 Duarum
394 3156 476 3221 mihi
489 3157 659 3222 civitatum
677 3159 819 3242 reliquos
838 3157 901 3223 feci
919 3179 1026 3243 agros,
1044 3155 1159 3234 iudices,

166 3241 235 3306 fere
249 3243 391 3325 optimos
408 3265 445 3309 ao
462 3245 693 3329 nobilissimos,
708 3245 905 3310 Aetnensem
924 3249 958 3312 et
970 3245 1159 3311 Leontinum.

167 3327 293 3391 Horum
313 3349 374 3412 ego
393 3352 547 3416 agrorum
568 3333 686 3398 missos
708 3333 828 3398 faciam
851 3337 1006 3417 quaestus
1028 3295 1187 3408 triental

167 3433 268 3474 unum
295 3434 413 3478 annum
428 3419 574 3502 eligam,
603 3442 666 3504 quo
692 3420 821 3485 facilius
848 3421 896 3504 id,
923 3421 1011 3505 quod
1037 3417 1158 3498 institui,
1186 3419 1187 3488 l

167 3497 327 3560 multoque
358 3503 490 3580 possim.
541 3504 674 3572 Sumam
701 3529 821 3573 annum
849 3509 997 3595 tertium,
1028 3508 1111 3592 (11¹0(1
1134 3507 1159 3567 el
