2422 3952
159 171 178 242 8
422 173 493 228 PRO
511 173 542 228 P.
562 171 737 238 QUINGTIO
756 171 901 227 ORATIO.

104 319 307 385 271ὶᾶὶοειιω
331 321 364 383 et
386 317 522 403 impium
546 339 615 382 esse
635 316 788 380 fateatur.
824 313 971 381 Libellos
990 313 1067 381 Sex.
1088 315 1183 381 Alie·

157 429 233 491 nus,
259 411 451 492 procurator
472 405 507 470 Ρ.
536 403 679 486 Quincti,
705 401 878 468 familiaria
906 407 941 467 et
966 404 1183 489 propinquus

160 493 230 561 Sex.
258 493 371 578 Naevi,
394 493 499 576 deicit,
522 493 686 558 servulum
704 511 814 574 unum,
838 511 933 576 quem
951 491 1017 556 iste
1036 493 1183 576 prehen-

159 585 260 668 derat,
279 579 418 666 abducit,
436 581 605 646 denuntiat
623 601 693 681 sese
710 583 1054 680 procuratorem-esse,
1073 580 1183 646 istum

160 690 394 824 {diffindi
413 667 815 842 itilixsfssiitiiltid
837 665 1183 850 diffidati?

160 867 222 931 que
244 845 412 910 imbiberit
435 845 503 910 eius
521 843 610 909 modi
627 841 810 909 rationibus
828 842 922 907 illum
941 843 984 907 ad
1002 865 1084 909 suas
1108 867 1182 912 con·

160 933 300 998 diciones
319 932 501 1018 perducere,
525 953 594 997 sese
616 931 700 995 nihil
718 930 845 1016 precari
863 934 905 1014 et,
926 930 957 994 si
976 931 1057 1015 quid
1077 953 1182 1019 agere

107 1041 142 1091 ae
160 1021 254 1105 velit,
280 1019 398 1086 iudicio
427 1020 603 1086 defendere.
643 1019 732 1084 Haec
756 1019 833 1082 dum
855 1018 979 1083 Romae
1003 1025 1182 1106 geruntur,

161 1109 329 1186 Quinctius
356 1110 481 1174 interea
512 1111 626 1174 eontra
656 1106 721 1190 ius,
753 1105 1034 1192 consuetudinem,
1067 1109 1181 1174 edicta

160 1200 347 1282 praetorum
362 1198 400 1262 de
414 1197 501 1262 saltu
510 1215 653 1282 agroque
668 1194 831 1260 communi
845 1216 865 1259 a
879 1194 980 1259 servia
994 1198 1181 1262 communi·

160 1285 221 1350 bus
245 1285 278 1349 vi
301 1285 491 1349 detruditur.
974 1355 976 1358 ¹

123 1367 140 1430 7
227 1371 398 1455 Existima,
416 1371 452 1437 Q.
465 1372 587 1456 Aquili,
605 1371 702 1436 modo
722 1374 755 1434 et
773 1371 900 1436 ratione
918 1371 1030 1436 emnia
1048 1371 1181 1438 Romae

160 1459 321 1526 Naevium
347 1459 475 1543 fecisse,
507 1459 535 1524 si
561 1459 636 1542 hoc,
668 1458 755 1542 quod
781 1479 839 1543 per
866 1458 995 1523 litteras
1018 1459 1122 1525 istius
1147 1463 1179 1524 in

160 1545 270 1613 Gallia
279 1550 408 1634 gestum
422 1550 481 1632 est,
491 1551 577 1613 recte
592 1551 689 1631 atque
698 1545 810 1612 ordine
820 1547 942 1612 factum
952 1567 1023 1611 esec
1033 1548 1178 1613 videtur.

160 1635 325 1720 Expulsus
354 1639 452 1719 atque
479 1635 598 1701 eiectus
627 1656 645 1700 e
675 1634 808 1719 praedio
835 1633 1005 1709 Quinctius
1039 1641 1180 1722 accepts

160 1723 282 1810 insigni
308 1723 427 1790 iniuria
452 1723 600 1810 confugit
627 1721 668 1787 ad
695 1720 729 1787 O.
752 1721 904 1788 Flaccum
931 1722 1180 1808 imperatorem,

161 1812 310 1896 quitum
333 1811 461 1878 eratin
487 1810 667 1897 provincia,
695 1832 804 1895 quem,
831 1814 869 1874 ut
896 1811 999 1895 ipsius
1027 1809 1179 1897 dignitas

160 1901 280 1985 poscit,
311 1899 446 1966 honoris
478 1899 586 1985 gratia
616 1897 759 1963 nomino.
807 1897 841 1962 Is
872 1919 944 1963 eam
975 1919 1045 1963 rem
1074 1921 1180 1982 quarn

160 1989 367 2054 vehementer
384 1987 610 2052 vindicandam
631 1986 765 2071 putarit,
788 2007 831 2050 ex·
848 1985 985 2052 decretis
1009 1987 1078 2051 eius
1103 1992 1179 2072 pot-

109 2091 144 2141 29
164 2076 255 2140 eritis
289 2095 492 2160 cognoscere.
537 2073 674 2138 Alfenus
706 2074 832 2138 interea
854 2073 979 2140 Romae
1009 2096 1082 2140 cum
1108 2075 1177 2142 isto

163 2162 344 2247 gladiatore
371 2161 481 2226 vetulo
508 2161 625 2226 cotidie
652 2162 834 2247 pugnabat,
865 2162 1020 2228 utebatur
1048 2165 1177 2247 populo

163 2271 240 2314 sane
267 2270 339 2332 suo,
366 2252 540 2334 propterea
568 2250 653 2334 quod
680 2250 743 2314 iste
769 2253 868 2334 caput
896 2253 1008 2334 petere
1030 2271 1097 2315 non
1118 2253 1177 2316 -de

163 2336 298 2402 sinebat.
334 2335 402 2402 Iste
424 2338 584 2422 postulat,
611 2341 649 2402 ut
670 2340 862 2422 procurator
884 2337 1064 2403 iudicatum
1087 2341 1177 2404 solvi

162 2425 243 2488 satia
263 2423 368 2508 daret3
390 2428 491 2511 negat
513 2424 651 2490 Alfenus
674 2447 812 2509 aequum
833 2447 904 2490 ease
926 2430 1176 2510 procuratorem

162 2513 242 2577 satia
267 2513 356 2596 dare,
379 2513 464 2597 quod
487 2534 560 2578 reus
584 2513 664 2579 satis
688 2513 765 2578 dare
787 2535 854 2578 uon
876 2513 1021 2596 deberet,
1049 2514 1078 2578 si
1099 2515 1176 2599 ipse

162 2601 299 2667 adesset.
338 2600 557 2686 Appellantur
573 2600 711 2684 tribuni,
734 2601 889 2685 aquibus
908 2623 981 2666 cum
999 2605 1086 2666 esset
1107 2625 1177 2668 cer·
1202 2607 1203 2672 l

161 2692 232 2754 tum
260 2689 416 2792 auxilium
439 2689 591 2791 petitum,
618 2689 666 2790 ita
692 2693 763 2790 tum
786 2688 974 2789 disceditur,
1002 2693 1041 2754 ut
1063 2690 1174 2756 idibus

162 2775 408 2863 Septembrrbus
440 2775 475 2842 P.
507 2775 693 2852 Qumctrum
726 2779 798 2841 aisti
830 2773 901 2841 Sex.
932 2776 1071 2842 Alfenus
1098 2800 1175 2862 pre

124 2870 328 3019 gmllbiiirit
353 2953 493 3018 Romam
519 2951 701 3036 Quinctius,
728 2951 949 3017 vadimonium
968 2952 1066 3018 sistit.
1094 2954 1175 3039 Iste,

109 3003 144 3050 3⁰
162 3041 260 3106 homo
280 3042 463 3125 acerrimus,
481 3041 640 3106 bonorum
659 3061 836 3125 possessor,
854 3040 1015 3125 expulsor,
1034 3046 1174 3142 ereptor,
1202 3059 1203 3138 l

163 3149 282 3192 annum
306 3132 339 3193 et
362 3149 417 3193 sex
440 3145 568 3194 menses
590 3128 673 3193 nihil
696 3129 788 3212 petit,
812 3127 957 3213 quiescit,
980 3129 1175 3194 condiciom-
1202 3145 1203 3218 ξ

162 3216 223 3280 bus
255 3216 354 3299 hune,
384 3216 490 3301 quoad
517 3220 639 3301 potest,
670 3215 833 3299 producit,
865 3238 885 3281 a
912 3214 969 3282 On.
997 3215 1174 3283 Dolabella
1202 3257 1203 3300 ,

163 3303 298 3386 denique
322 3307 472 3386 praetore
489 3305 646 3388 postulat,
669 3306 706 3368 ut
725 3303 788 3367 sibi
807 3302 975 3379 Quinctius
994 3304 1203 3386 iudicatumel

163 3389 247 3455 solvi
261 3389 342 3454 eatis
357 3390 411 3454 dct
430 3411 468 3453 ex
486 3391 640 3456 formula:
660 3408 755 3468 ouon
774 3408 819 3456 aa
837 3408 884 3457 so
901 3409 1024 3476 rursu,
1043 3410 1172 3470 cuorus
1202 3389 1203 3470 j

162 3491 209 3542 nx
231 3493 361 3542 umero
384 3493 575 3543 rasarone
594 3494 689 3544 Bous
706 3495 787 3544 nnus
805 3497 880 3544 xxx
897 3496 1067 3545 possesse
1085 3497 1173 3545 sum.
1202 3483 1203 3570 ξ
