2392 3944
294 169 360 224 urs.
380 167 406 221 11
444 163 520 222 cns.
536 173 623 222 o-ra
643 172 657 232 s
676 172 788 222 rs-eo.
977 165 1042 230 209

101 313 174 390 Qua
188 313 227 377 de
240 334 285 396 re,
303 311 433 395 iudices,
451 331 570 398 magno
585 331 681 396 opere
697 310 791 375 vobis
809 309 1042 394 providendum
1061 320 1095 370 28

37 406 97 484 est3
130 401 274 486 pertinet
305 399 368 465 hcc
397 400 438 464 ad
466 419 625 464 summam
652 420 721 464 rem
748 399 913 484 publicam
941 402 974 462 et
1002 398 1043 463 ad

38 488 312 554 existimationem
347 487 468 553 ordinis
499 488 605 552 nostri
639 487 841 571 salutemque
873 486 1042 552 sociorum.

37 576 68 641 Si
98 578 187 642 enim
219 577 406 642 innocentes
433 575 623 640 existumari
649 576 813 658 volumus,
843 596 910 640 non
937 574 1043 638 solum

17 681 105 749 ⁵nos,
140 665 198 730 sed
231 665 331 730 etiam
361 663 496 730 comites
527 667 659 729 nostros
685 667 853 749 praestare
881 663 1042 728 debemus.

38 754 181 819 Primum
212 753 356 818 omnium
383 774 482 837 opera
509 752 615 817 danda
640 755 704 835 est,
731 754 769 816 ut
796 773 851 817 ecs
873 751 1041 817 nobiscum
1054 745 1092 809 11

41 843 227 924 educamus,
264 841 320 926 qui
354 844 487 906 nostrae
521 840 628 905 famae
664 840 827 924 capitique
862 840 1043 923 consulant,

39 931 162 1013 deinde,
190 930 221 994 si
246 929 282 994 in
307 929 493 994 hominibus
520 927 678 1012 eligendis
700 949 760 992 nos
784 949 857 1013 spes
881 929 1042 993 amicitiae

39 1018 205 1102 fefellerit,
228 1021 265 1082 ut
282 1017 494 1100 vindicemus,
516 1017 633 1080 missos
653 1015 823 1100 faciamus,
846 1037 973 1100 semper
995 1015 1043 1082 ita

11 1108 199 1190 avivamus,
231 1109 269 1170 ut
300 1106 459 1170 rationem
490 1104 685 1169 reddendam
714 1104 808 1169 nobis
838 1104 1043 1168 arbitremur.

40 1195 184 1260 Africani
210 1197 260 1258 est
281 1193 353 1276 hcc,
375 1193 516 1258 hominis
539 1192 761 1258 liberalissimi
783 1189 910 1278 (verum
932 1195 1043 1256 tamen

41 1305 72 1346 ea
88 1282 277 1348 liberalitas
301 1285 351 1346 est
373 1281 549 1366 probanda,
572 1302 655 1365 quae
678 1281 747 1345 sine
768 1280 911 1365 periculo
935 1279 1042 1344 existi·

40 1371 190 1436 nationis
220 1374 284 1452 est,
312 1373 349 1434 ut
374 1369 410 1433 in
435 1369 494 1434 illo
521 1368 598 1454 fuit)
622 1390 761 1433 -cnm
784 1368 826 1434 ab
850 1390 887 1433 eo
911 1368 1095 1452 quiramus

41 1463 125 1524 vetus
157 1462 340 1524 assectator
368 1461 400 1522 et
427 1479 466 1522 ex
492 1477 625 1521 numero
654 1457 831 1522 amicorum
855 1477 922 1522 non
943 1457 1043 1542 impe·

13 1550 151 1631 arraret,
183 1547 235 1611 uti
264 1567 297 1610 se
324 1545 523 1631 praefectum
550 1545 585 1608 in
607 1544 752 1610 Africam
779 1545 922 1627 duceret,
950 1548 983 1610 et
1009 1545 1043 1609 id

42 1635 134 1700 lerret
162 1632 480 1716 molescea‘Noli3
506 1632 624 1717 inquit,
653 1633 816 1717 ‘mirari,
843 1633 876 1698 si
903 1637 945 1698 tu
971 1633 1043 1699 hoc

44 1745 133 1788 ame
166 1745 244 1786 non
275 1719 477 1806 impetras(
519 1720 601 1806 Ego
632 1721 708 1784 iam
737 1720 884 1805 pridem
912 1721 958 1786 ab
987 1741 1043 1804 eo,

44 1812 94 1875 cni
111 1833 236 1876 meam
255 1808 583 1874 existimationem
602 1827 728 1873 caram
750 1807 833 1872 fore
857 1808 1043 1889 arbitror,

44 1903 138 1983 peto,
174 1903 220 1962 ut
256 1919 399 1963 mecum
430 1896 650 1982 praefectus
682 1894 974 1980 proficiscatur,
1007 1899 1043 1958 et

17 1987 159 2053 ”adhuc
187 1987 397 2070 impetrare
424 2007 500 2050 non
526 1981 701 2070 possum?
746 1982 877 2047 Etenim
904 2004 940 2047 re
966 2003 1044 2046 vera

45 2076 139 2140 multo
163 2075 272 2160 magis
296 2077 346 2139 est
368 2073 542 2158 petendum
565 2073 607 2137 ab
629 2071 829 2155 hominibus,
853 2071 882 2135 si
904 2069 988 2136 salvi
1011 2075 1044 2135 et

45 2161 166 2228 honesti
181 2162 426 2245 essevolumus,
444 2164 481 2225 ut
500 2164 576 2225 eant
593 2160 763 2226 nobiseum
780 2159 815 2224 in
833 2159 1043 2244 provinciam,

45 2273 135 2332 quam
168 2251 246 2331 [hoc
272 2249 352 2330 illis]
380 2249 415 2313 in
441 2249 589 2313 beneficii
616 2249 687 2313 loco
715 2246 930 2314 deferendum.
980 2246 1044 2312 Sed

46 2341 75 2402 tu
99 2362 173 2404 eum
199 2343 232 2403 et
259 2341 333 2403 tuos
357 2337 478 2402 amicos
501 2337 536 2400 in
558 2336 758 2421 provinciam
781 2336 874 2419 quasi
896 2336 931 2400 in
953 2357 1044 2421 prae

19 2426 111 2492 ¹⁵deun
129 2425 296 2492 invitabas
314 2429 347 2490 et
366 2447 439 2491 cum
457 2425 498 2489 iis
517 2446 554 2489 ac
572 2446 630 2508 per
647 2445 702 2489 eos
721 2423 919 2508 praedabare
937 2429 972 2490 et
988 2447 1044 2490 eos

47 2514 246 2580 incautione
270 2513 374 2579 anulis
398 2513 504 2578 aureis
528 2512 681 2596 donabas,
703 2531 769 2576 non
792 2513 959 2577 statuebas
981 2513 1044 2578 tibi

47 2605 224 2669 consulum
239 2602 278 2666 de
292 2602 367 2686 tuis,
386 2601 556 2666 sedetiam
571 2600 609 2664 de
622 2600 756 2665 illorum
768 2599 865 2665 factis
884 2601 1043 2665 rationem

48 2711 108 2755 esse
129 2691 349 2756 reddendam?
1142 2747 1146 2751 .

125 2777 209 2844 Cum
250 2776 311 2842 hos
353 2777 417 2842 sibi
457 2779 610 2860 quaestus
647 2776 871 2841 constituisset
906 2793 1043 2858 magnos
1062 2783 1097 2832 30

22 2869 135 2949 ³⁰atque
171 2866 289 2931 uberes
326 2887 364 2929 ex
399 2864 440 2930 iis
476 2865 596 2946 causis,
633 2885 713 2948 quas
746 2864 817 2949 ipse
856 2861 1045 2926 instituerat

49 2973 112 3018 cum
150 2953 302 3036 consilio,
343 2953 404 3018 hoc
429 2955 495 3017 est
536 2974 608 3018 cunr
645 2973 703 3016 sua
740 2949 886 3031 cohorte,
927 2968 1045 3034 cogno·

50 3060 139 3124 scere,
165 3046 239 3108 tum
266 3040 348 3106 illud
374 3040 538 3104 infinitum
566 3061 668 3126 genus
695 3039 864 3103 invenerat
889 3035 930 3100 ad
952 3035 1045 3101 innu-

49 3131 229 3196 merabilem
260 3129 429 3215 pecuniam
461 3127 705 3213 corripiendam.
753 3123 896 3189 Dubium
923 3124 1099 3190 nemini12

51 3220 104 3300 est,
137 3219 217 3304 quin
248 3238 361 3282 omnes
393 3216 538 3282 omnium
569 3214 722 3301 pecuniae
754 3212 882 3298 positae
914 3213 980 3278 sint
1011 3212 1046 3275 in

24 3311 152 3372 ³5eorum
183 3309 362 3392 potestate,
398 3305 454 3389 qui
486 3303 604 3369 iudicia
635 3302 726 3386 dant,
762 3305 795 3365 et
829 3321 954 3384 eorum,
990 3300 1047 3386 qui

51 3390 191 3479 iudicant,
215 3394 295 3478 quin
311 3415 406 3458 nemo
429 3395 575 3458 vestrum
598 3390 704 3476 possit
726 3389 820 3455 aedes
843 3411 928 3472 suas,
949 3409 1045 3454 nemo

51 3477 186 3567 nudum,
212 3503 309 3547 nemo
332 3481 419 3546 bona
442 3480 550 3566 patria
573 3478 732 3563 obtinere,
759 3477 801 3561 si,
826 3499 899 3542 cum
920 3477 1000 3542 haec
1025 3497 1047 3538 a

1 3585 2 3636 1
97 3592 146 3635 cro.
159 3595 190 3637 11.
205 3598 224 3635 1.
802 3583 834 3632 14
