<?xml version="1.0" encoding="UTF-8"?>
<!DOCTYPE html PUBLIC "-//W3C//DTD XHTML 1.0 Transitional//EN"
    "http://www.w3.org/TR/xhtml1/DTD/xhtml1-transitional.dtd">
<html xmlns="http://www.w3.org/1999/xhtml" xml:lang="en" lang="en">
 <head>
  <title>
</title>
<meta http-equiv="Content-Type" content="text/html;charset=utf-8" />
  <meta name='ocr-system' content='tesseract 3.04.00' />
  <meta name='ocr-capabilities' content='ocr_page ocr_carea ocr_par ocr_line ocrx_word'/>
</head>
<body>
  <div class='ocr_page' id='page_1' title='image "./mtulliiciceroni02mlgoog/mtulliiciceroni02mlgoog_0258.png"; bbox 0 0 2386 3938; ppageno 0'>
   <div class='ocr_carea' id='block_1_1' title="bbox 246 139 1018 248">
    <p class='ocr_par' dir='ltr' id='par_1_1' title="bbox 246 139 1018 248">
     <span class='ocr_line' id='line_1_1' title="bbox 246 139 1018 248; baseline 0.018 -25"><span class='ocrx_word' id='word_1_1' title='bbox 246 139 250 144; x_wconf 74' lang='grc'>’</span> <span class='ocrx_word' id='word_1_2' title='bbox 338 171 406 229; x_wconf 84' lang='lat' dir='ltr'>ura.</span> <span class='ocrx_word' id='word_1_3' title='bbox 424 172 438 225; x_wconf 88' lang='lat'>1</span> <span class='ocrx_word' id='word_1_4' title='bbox 455 171 532 227; x_wconf 77' lang='lat' dir='ltr'>ese.</span> <span class='ocrx_word' id='word_1_5' title='bbox 553 180 567 228; x_wconf 86' lang='lat'>1</span> <span class='ocrx_word' id='word_1_6' title='bbox 586 178 602 238; x_wconf 77' lang='lat' dir='ltr'>e</span> <span class='ocrx_word' id='word_1_7' title='bbox 622 180 650 248; x_wconf 84' lang='lat'>1,</span> <span class='ocrx_word' id='word_1_8' title='bbox 668 179 693 228; x_wconf 82' lang='lat' dir='ltr'>s.</span> <span class='ocrx_word' id='word_1_9' title='bbox 956 173 1018 237; x_wconf 80' lang='lat'>141</span> 
     </span>
    </p>
   </div>
   <div class='ocr_carea' id='block_1_2' title="bbox 37 299 1022 860">
    <p class='ocr_par' dir='ltr' id='par_1_2' title="bbox 38 299 1021 522">
     <span class='ocr_line' id='line_1_2' title="bbox 39 299 1020 384; baseline 0.005 -18"><span class='ocrx_word' id='word_1_10' title='bbox 39 313 138 370; x_wconf 86' lang='lat' dir='ltr'>indicam</span> <span class='ocrx_word' id='word_1_11' title='bbox 154 314 227 384; x_wconf 82' lang='lat' dir='ltr'>apud</span> <span class='ocrx_word' id='word_1_12' title='bbox 239 312 354 382; x_wconf 84' lang='lat' dir='ltr'>inferos,</span> <span class='ocrx_word' id='word_1_13' title='bbox 371 315 514 382; x_wconf 83' lang='lat' dir='ltr'>tamquam</span> <span class='ocrx_word' id='word_1_14' title='bbox 527 313 553 368; x_wconf 92' lang='lat' dir='ltr'>si</span> <span class='ocrx_word' id='word_1_15' title='bbox 565 315 678 383; x_wconf 86' lang='lat' dir='ltr'>praetor</span> <span class='ocrx_word' id='word_1_16' title='bbox 692 314 730 369; x_wconf 85' lang='lat' dir='ltr'>eit</span> <span class='ocrx_word' id='word_1_17' title='bbox 740 329 832 369; x_wconf 84' lang='lat' dir='ltr'>rerum</span> <span class='ocrx_word' id='word_1_18' title='bbox 848 299 1020 384; x_wconf 66' lang='lat' dir='ltr'>capitelium,</span> 
     </span>
     <span class='ocr_line' id='line_1_3' title="bbox 41 383 1021 454; baseline 0.002 -16"><span class='ocrx_word' id='word_1_19' title='bbox 41 383 223 452; x_wconf 78' lang='lat' dir='ltr'>‘quaesitorem’</span> <span class='ocrx_word' id='word_1_20' title='bbox 235 384 373 454; x_wconf 76' lang='lat' dir='ltr'>appellat3</span> <span class='ocrx_word' id='word_1_21' title='bbox 388 383 438 439; x_wconf 89' lang='lat' dir='ltr'>dat</span> <span class='ocrx_word' id='word_1_22' title='bbox 445 383 486 438; x_wconf 94' lang='lat' dir='ltr'>ibi</span> <span class='ocrx_word' id='word_1_23' title='bbox 494 383 678 452; x_wconf 85' lang='lat' dir='ltr'>sortitionem,</span> <span class='ocrx_word' id='word_1_24' title='bbox 692 383 742 438; x_wconf 92' lang='lat' dir='ltr'>ubi</span> <span class='ocrx_word' id='word_1_25' title='bbox 752 385 871 440; x_wconf 82' lang='lat' dir='ltr'>‘urnam’</span> <span class='ocrx_word' id='word_1_26' title='bbox 886 386 1021 454; x_wconf 86' lang='lat' dir='ltr'>nominat,</span> 
     </span>
     <span class='ocr_line' id='line_1_4' title="bbox 38 454 1020 522; baseline 0.005 -15"><span class='ocrx_word' id='word_1_27' title='bbox 38 455 76 507; x_wconf 80' lang='lat' dir='ltr'>dat</span> <span class='ocrx_word' id='word_1_28' title='bbox 90 454 245 508; x_wconf 79' lang='lat' dir='ltr'>electionem</span> <span class='ocrx_word' id='word_1_29' title='bbox 263 454 399 522; x_wconf 89' lang='lat' dir='ltr'>iudicum,</span> <span class='ocrx_word' id='word_1_30' title='bbox 418 471 482 510; x_wconf 86' lang='lat' dir='ltr'>cum</span> <span class='ocrx_word' id='word_1_31' title='bbox 500 454 580 510; x_wconf 87' lang='lat' dir='ltr'>dicit:</span> <span class='ocrx_word' id='word_1_32' title='bbox 608 455 767 510; x_wconf 84' lang='lat' dir='ltr'>‘consilium</span> <span class='ocrx_word' id='word_1_33' title='bbox 785 456 889 522; x_wconf 86' lang='lat' dir='ltr'>vocat&#39;,</span> <span class='ocrx_word' id='word_1_34' title='bbox 907 456 958 512; x_wconf 90' lang='lat' dir='ltr'>dat</span> <span class='ocrx_word' id='word_1_35' title='bbox 975 473 1020 512; x_wconf 90' lang='lat' dir='ltr'>co-</span> 
     </span>
    </p>

    <p class='ocr_par' dir='ltr' id='par_1_3' title="bbox 37 523 1022 860">
     <span class='ocr_line' id='line_1_5' title="bbox 66 523 1019 594; baseline 0.005 -17"><span class='ocrx_word' id='word_1_36' title='bbox 66 524 167 579; x_wconf 88' lang='lat' dir='ltr'>itionem</span> <span class='ocrx_word' id='word_1_37' title='bbox 191 525 360 592; x_wconf 82' lang='lat' dir='ltr'><strong>facinorum,</strong></span> <span class='ocrx_word' id='word_1_38' title='bbox 383 539 447 580; x_wconf 85' lang='lat' dir='ltr'>cum</span> <span class='ocrx_word' id='word_1_39' title='bbox 469 523 550 580; x_wconf 89' lang='lat' dir='ltr'>dicit:</span> <span class='ocrx_word' id='word_1_40' title='bbox 577 525 715 594; x_wconf 78' lang='lat' dir='ltr'>‘vitaeque</span> <span class='ocrx_word' id='word_1_41' title='bbox 734 528 763 581; x_wconf 91' lang='lat' dir='ltr'>et</span> <span class='ocrx_word' id='word_1_42' title='bbox 781 524 899 580; x_wconf 88' lang='lat' dir='ltr'>crimina</span> <span class='ocrx_word' id='word_1_43' title='bbox 916 525 1019 582; x_wconf 88' lang='lat' dir='ltr'>discit’.</span> 
     </span>
     <span class='ocr_line' id='line_1_6' title="bbox 55 594 1021 665; baseline 0.002 -16"><span class='ocrx_word' id='word_1_44' title='bbox 55 612 95 664; x_wconf 81' lang='lat' dir='ltr'>rgo</span> <span class='ocrx_word' id='word_1_45' title='bbox 110 595 153 649; x_wconf 91' lang='lat' dir='ltr'>hic</span> <span class='ocrx_word' id='word_1_46' title='bbox 169 594 254 662; x_wconf 89' lang='lat' dir='ltr'>liber,</span> <span class='ocrx_word' id='word_1_47' title='bbox 278 595 327 664; x_wconf 89' lang='lat' dir='ltr'>qui</span> <span class='ocrx_word' id='word_1_48' title='bbox 344 596 379 650; x_wconf 91' lang='lat' dir='ltr'>de</span> <span class='ocrx_word' id='word_1_49' title='bbox 397 597 462 651; x_wconf 85' lang='lat' dir='ltr'>ante</span> <span class='ocrx_word' id='word_1_50' title='bbox 480 596 544 650; x_wconf 87' lang='lat' dir='ltr'>acta</span> <span class='ocrx_word' id='word_1_51' title='bbox 560 595 621 651; x_wconf 83' lang='lat' dir='ltr'>vita</span> <span class='ocrx_word' id='word_1_52' title='bbox 638 599 693 665; x_wconf 81' lang='lat' dir='ltr'>est,</span> <span class='ocrx_word' id='word_1_53' title='bbox 718 597 823 651; x_wconf 84' lang='lat' dir='ltr'>statum</span> <span class='ocrx_word' id='word_1_54' title='bbox 846 612 959 651; x_wconf 87' lang='lat' dir='ltr'>necesse</span> <span class='ocrx_word' id='word_1_55' title='bbox 978 599 1021 651; x_wconf 90' lang='lat' dir='ltr'>cst</span> 
     </span>
     <span class='ocr_line' id='line_1_7' title="bbox 38 665 1022 737; baseline 0.002 -19"><span class='ocrx_word' id='word_1_56' title='bbox 38 666 228 722; x_wconf 79' lang='lat' dir='ltr'>coniecturalem</span> <span class='ocrx_word' id='word_1_57' title='bbox 245 667 358 720; x_wconf 84' lang='lat' dir='ltr'>habeat.</span> <span class='ocrx_word' id='word_1_58' title='bbox 395 665 496 736; x_wconf 77' lang='lat' dir='ltr'>Capita</span> <span class='ocrx_word' id='word_1_59' title='bbox 517 667 623 734; x_wconf 66' lang='lat' dir='ltr'>autem</span> <span class='ocrx_word' id='word_1_60' title='bbox 649 681 720 736; x_wconf 82' lang='lat' dir='ltr'>quae</span> <span class='ocrx_word' id='word_1_61' title='bbox 742 667 803 737; x_wconf 87' lang='lat' dir='ltr'>ipse</span> <span class='ocrx_word' id='word_1_62' title='bbox 821 667 931 722; x_wconf 81' lang='lat' dir='ltr'>Tullius</span> <span class='ocrx_word' id='word_1_63' title='bbox 952 666 1022 722; x_wconf 81' lang='lat' dir='ltr'>lecit</span> 
     </span>
     <span class='ocr_line' id='line_1_8' title="bbox 37 735 1021 860; baseline 0.003 -72"><span class='ocrx_word' id='word_1_64' title='bbox 37 735 162 791; x_wconf 79' lang='lat' dir='ltr'>dividendo</span> <span class='ocrx_word' id='word_1_65' title='bbox 170 741 263 792; x_wconf 83' lang='lat' dir='ltr'>totam</span> <span class='ocrx_word' id='word_1_66' title='bbox 280 737 354 792; x_wconf 88' lang='lat' dir='ltr'>hanc</span> <span class='ocrx_word' id='word_1_67' title='bbox 370 737 576 794; x_wconf 85' lang='lat' dir='ltr'>accusationem</span> <span class='ocrx_word' id='word_1_68' title='bbox 579 744 607 860; x_wconf 52' lang='lat' dir='ltr'>lp</span> <span class='ocrx_word' id='word_1_69' title='bbox 619 737 650 790; x_wconf 91' lang='lat' dir='ltr'>in</span> <span class='ocrx_word' id='word_1_70' title='bbox 670 736 811 808; x_wconf 77' lang='lat' dir='ltr'>legatione</span> <span class='ocrx_word' id='word_1_71' title='bbox 829 738 920 794; x_wconf 78' lang='lat' dir='ltr'>ricem</span> <span class='ocrx_word' id='word_1_72' title='bbox 937 753 1021 807; x_wconf 83' lang='lat' dir='ltr'>quae-</span> 
     </span>
    </p>
   </div>
   <div class='ocr_carea' id='block_1_3' title="bbox 37 807 1023 1724">
    <p class='ocr_par' dir='ltr' id='par_1_4' title="bbox 37 807 1023 1724">
     <span class='ocr_line' id='line_1_9' title="bbox 39 807 1021 878; baseline 0.002 -18"><span class='ocrx_word' id='word_1_73' title='bbox 39 809 118 875; x_wconf 77' lang='lat' dir='ltr'>sturae,</span> <span class='ocrx_word' id='word_1_74' title='bbox 133 807 217 862; x_wconf 87' lang='lat' dir='ltr'>tertio</span> <span class='ocrx_word' id='word_1_75' title='bbox 236 807 267 862; x_wconf 92' lang='lat' dir='ltr'>in</span> <span class='ocrx_word' id='word_1_76' title='bbox 284 809 416 878; x_wconf 88' lang='lat' dir='ltr'>praetura</span> <span class='ocrx_word' id='word_1_77' title='bbox 433 809 546 863; x_wconf 87' lang='lat' dir='ltr'>urbana.</span> <span class='ocrx_word' id='word_1_78' title='bbox 607 825 653 864; x_wconf 88' lang='lat' dir='ltr'>am</span> <span class='ocrx_word' id='word_1_79' title='bbox 671 825 734 864; x_wconf 89' lang='lat' dir='ltr'>cum</span> <span class='ocrx_word' id='word_1_80' title='bbox 752 825 847 866; x_wconf 83' lang='lat' dir='ltr'>omnes</span> <span class='ocrx_word' id='word_1_81' title='bbox 866 808 926 864; x_wconf 90' lang='lat' dir='ltr'>eius</span> <span class='ocrx_word' id='word_1_82' title='bbox 941 810 1021 862; x_wconf 88' lang='lat' dir='ltr'>actus</span> 
     </span>
     <span class='ocr_line' id='line_1_10' title="bbox 37 877 1020 950; baseline 0.003 -21"><span class='ocrx_word' id='word_1_83' title='bbox 37 879 176 942; x_wconf 68' lang='lat' dir='ltr'>quaesturae</span> <span class='ocrx_word' id='word_1_84' title='bbox 198 877 326 946; x_wconf 88' lang='lat' dir='ltr'>nomine,</span> <span class='ocrx_word' id='word_1_85' title='bbox 353 877 516 949; x_wconf 77' lang='lat' dir='ltr'>legationis,</span> <span class='ocrx_word' id='word_1_86' title='bbox 543 881 689 947; x_wconf 85' lang='lat' dir='ltr'>praeturae</span> <span class='ocrx_word' id='word_1_87' title='bbox 711 880 846 946; x_wconf 89' lang='lat' dir='ltr'>urbanae,</span> <span class='ocrx_word' id='word_1_88' title='bbox 873 881 1020 950; x_wconf 87' lang='lat' dir='ltr'>praeturae</span> 
     </span>
     <span class='ocr_line' id='line_1_11' title="bbox 40 945 1020 1020; baseline 0.006 -21"><span class='ocrx_word' id='word_1_89' title='bbox 40 945 165 1002; x_wconf 80' lang='lat' dir='ltr'>Siciliensis</span> <span class='ocrx_word' id='word_1_90' title='bbox 182 947 391 1018; x_wconf 79' lang='lat' dir='ltr'>quadripartita</span> <span class='ocrx_word' id='word_1_91' title='bbox 408 947 543 1002; x_wconf 83' lang='lat' dir='ltr'>librorum</span> <span class='ocrx_word' id='word_1_92' title='bbox 561 947 697 1003; x_wconf 82' lang='lat' dir='ltr'>divisione</span> <span class='ocrx_word' id='word_1_93' title='bbox 716 953 931 1020; x_wconf 74' lang='lat' dir='ltr'>cognoscantur,</span> <span class='ocrx_word' id='word_1_94' title='bbox 955 953 1020 1004; x_wconf 84' lang='lat' dir='ltr'>anta</span> 
     </span>
     <span class='ocr_line' id='line_1_12' title="bbox 39 1017 1020 1089; baseline 0.003 -18"><span class='ocrx_word' id='word_1_95' title='bbox 39 1021 85 1071; x_wconf 80' lang='lat' dir='ltr'>seta</span> <span class='ocrx_word' id='word_1_96' title='bbox 104 1018 157 1074; x_wconf 88' lang='lat' dir='ltr'>eius</span> <span class='ocrx_word' id='word_1_97' title='bbox 182 1019 281 1076; x_wconf 85' lang='lat' dir='ltr'>omnia</span> <span class='ocrx_word' id='word_1_98' title='bbox 297 1019 352 1074; x_wconf 87' lang='lat' dir='ltr'>hoc</span> <span class='ocrx_word' id='word_1_99' title='bbox 369 1017 441 1074; x_wconf 88' lang='lat' dir='ltr'>libro</span> <span class='ocrx_word' id='word_1_100' title='bbox 460 1019 661 1089; x_wconf 86' lang='lat' dir='ltr'>comprehensa</span> <span class='ocrx_word' id='word_1_101' title='bbox 678 1019 797 1074; x_wconf 86' lang='lat' dir='ltr'>suntad</span> <span class='ocrx_word' id='word_1_102' title='bbox 815 1035 911 1074; x_wconf 85' lang='lat' dir='ltr'>eoram</span> <span class='ocrx_word' id='word_1_103' title='bbox 928 1020 1020 1086; x_wconf 87' lang='lat' dir='ltr'>fldem,</span> 
     </span>
     <span class='ocr_line' id='line_1_13' title="bbox 38 1087 1022 1158; baseline 0.002 -16"><span class='ocrx_word' id='word_1_104' title='bbox 38 1103 90 1153; x_wconf 85' lang='lat' dir='ltr'>quse</span> <span class='ocrx_word' id='word_1_105' title='bbox 105 1092 165 1158; x_wconf 89' lang='lat' dir='ltr'>post</span> <span class='ocrx_word' id='word_1_106' title='bbox 182 1089 320 1144; x_wconf 89' lang='lat' dir='ltr'>dicentur.</span> <span class='ocrx_word' id='word_1_107' title='bbox 357 1089 503 1144; x_wconf 87' lang='lat' dir='ltr'>Prooemia</span> <span class='ocrx_word' id='word_1_108' title='bbox 521 1105 588 1144; x_wconf 86' lang='lat' dir='ltr'>sane</span> <span class='ocrx_word' id='word_1_109' title='bbox 605 1087 688 1144; x_wconf 87' lang='lat' dir='ltr'>huius</span> <span class='ocrx_word' id='word_1_110' title='bbox 706 1089 819 1144; x_wconf 90' lang='lat' dir='ltr'>libriin</span> <span class='ocrx_word' id='word_1_111' title='bbox 843 1090 1022 1146; x_wconf 71' lang='lat' dir='ltr'>simulatione</span> 
     </span>
     <span class='ocr_line' id='line_1_14' title="bbox 40 1158 1022 1228; baseline 0.004 -18"><span class='ocrx_word' id='word_1_112' title='bbox 40 1158 165 1214; x_wconf 88' lang='lat' dir='ltr'>constituta</span> <span class='ocrx_word' id='word_1_113' title='bbox 187 1162 256 1215; x_wconf 87' lang='lat' dir='ltr'>sunt</span> <span class='ocrx_word' id='word_1_114' title='bbox 286 1159 366 1228; x_wconf 89' lang='lat' dir='ltr'>quasi</span> <span class='ocrx_word' id='word_1_115' title='bbox 388 1175 470 1215; x_wconf 84' lang='lat' dir='ltr'>verae</span> <span class='ocrx_word' id='word_1_116' title='bbox 490 1159 674 1214; x_wconf 76' lang='lat' dir='ltr'>accusationis</span> <span class='ocrx_word' id='word_1_117' title='bbox 693 1160 723 1214; x_wconf 91' lang='lat' dir='ltr'>in</span> <span class='ocrx_word' id='word_1_118' title='bbox 740 1160 856 1214; x_wconf 88' lang='lat' dir='ltr'>Verrem</span> <span class='ocrx_word' id='word_1_119' title='bbox 873 1162 1022 1214; x_wconf 84' lang='lat' dir='ltr'>audentem</span> 
     </span>
     <span class='ocr_line' id='line_1_15' title="bbox 40 1227 1021 1300; baseline 0.004 -20"><span class='ocrx_word' id='word_1_120' title='bbox 40 1227 113 1283; x_wconf 74' lang='lat' dir='ltr'>adase</span> <span class='ocrx_word' id='word_1_121' title='bbox 128 1233 209 1300; x_wconf 84' lang='lat' dir='ltr'>atque</span> <span class='ocrx_word' id='word_1_122' title='bbox 229 1231 383 1298; x_wconf 86' lang='lat' dir='ltr'>defensum,</span> <span class='ocrx_word' id='word_1_123' title='bbox 402 1230 432 1284; x_wconf 93' lang='lat' dir='ltr'>in</span> <span class='ocrx_word' id='word_1_124' title='bbox 450 1230 643 1285; x_wconf 79' lang='lat' dir='ltr'>exhortatione</span> <span class='ocrx_word' id='word_1_125' title='bbox 661 1229 785 1284; x_wconf 92' lang='lat' dir='ltr'>iudicum</span> <span class='ocrx_word' id='word_1_126' title='bbox 804 1232 845 1285; x_wconf 85' lang='lat' dir='ltr'>ad·</span> <span class='ocrx_word' id='word_1_127' title='bbox 856 1233 931 1285; x_wconf 89' lang='lat' dir='ltr'>recte</span> <span class='ocrx_word' id='word_1_128' title='bbox 950 1229 1021 1285; x_wconf 87' lang='lat' dir='ltr'>iudi·</span> 
     </span>
     <span class='ocr_line' id='line_1_16' title="bbox 40 1299 1023 1368; baseline 0.003 -17"><span class='ocrx_word' id='word_1_129' title='bbox 40 1299 143 1368; x_wconf 81' lang='lat' dir='ltr'>candum,</span> <span class='ocrx_word' id='word_1_130' title='bbox 171 1304 236 1356; x_wconf 86' lang='lat' dir='ltr'>turn</span> <span class='ocrx_word' id='word_1_131' title='bbox 264 1301 295 1356; x_wconf 93' lang='lat' dir='ltr'>in</span> <span class='ocrx_word' id='word_1_132' title='bbox 320 1301 404 1356; x_wconf 90' lang='lat' dir='ltr'>minis</span> <span class='ocrx_word' id='word_1_133' title='bbox 431 1304 529 1356; x_wconf 87' lang='lat' dir='ltr'>contra</span> <span class='ocrx_word' id='word_1_134' title='bbox 556 1301 729 1355; x_wconf 83' lang='lat' dir='ltr'>adversarios</span> <span class='ocrx_word' id='word_1_135' title='bbox 757 1301 839 1356; x_wconf 92' lang='lat' dir='ltr'>etin</span> <span class='ocrx_word' id='word_1_136' title='bbox 866 1301 1023 1356; x_wconf 85' lang='lat' dir='ltr'>exbibenda</span> 
     </span>
     <span class='ocr_line' id='line_1_17' title="bbox 40 1369 1022 1442; baseline 0.003 -20"><span class='ocrx_word' id='word_1_137' title='bbox 40 1369 123 1425; x_wconf 86' lang='lat' dir='ltr'>ratione</span> <span class='ocrx_word' id='word_1_138' title='bbox 140 1371 226 1426; x_wconf 83' lang='lat' dir='ltr'>officii</span> <span class='ocrx_word' id='word_1_139' title='bbox 247 1372 299 1439; x_wconf 84' lang='lat' dir='ltr'>sui,</span> <span class='ocrx_word' id='word_1_140' title='bbox 317 1389 366 1426; x_wconf 90' lang='lat' dir='ltr'>cur</span> <span class='ocrx_word' id='word_1_141' title='bbox 383 1371 425 1426; x_wconf 84' lang='lat' dir='ltr'>ita</span> <span class='ocrx_word' id='word_1_142' title='bbox 441 1371 573 1426; x_wconf 86' lang='lat' dir='ltr'>maluerit</span> <span class='ocrx_word' id='word_1_143' title='bbox 591 1387 734 1438; x_wconf 85' lang='lat' dir='ltr'>accusare,</span> <span class='ocrx_word' id='word_1_144' title='bbox 753 1374 786 1426; x_wconf 89' lang='lat' dir='ltr'>ut</span> <span class='ocrx_word' id='word_1_145' title='bbox 802 1371 894 1442; x_wconf 87' lang='lat' dir='ltr'>prima</span> <span class='ocrx_word' id='word_1_146' title='bbox 911 1372 1022 1426; x_wconf 88' lang='lat' dir='ltr'>actione</span> 
     </span>
     <span class='ocr_line' id='line_1_18' title="bbox 41 1441 1023 1510; baseline 0.003 -18"><span class='ocrx_word' id='word_1_147' title='bbox 41 1441 125 1494; x_wconf 69' lang='lat' dir='ltr'>buum</span> <span class='ocrx_word' id='word_1_148' title='bbox 140 1442 264 1498; x_wconf 82' lang='lat' dir='ltr'>testibus</span> <span class='ocrx_word' id='word_1_149' title='bbox 281 1444 418 1510; x_wconf 78' lang='lat' dir='ltr'>uteretur;</span> <span class='ocrx_word' id='word_1_150' title='bbox 438 1458 509 1510; x_wconf 83' lang='lat' dir='ltr'>quae</span> <span class='ocrx_word' id='word_1_151' title='bbox 527 1441 622 1496; x_wconf 84' lang='lat' dir='ltr'>omnia</span> <span class='ocrx_word' id='word_1_152' title='bbox 639 1441 698 1499; x_wconf 86' lang='lat' dir='ltr'>cius</span> <span class='ocrx_word' id='word_1_153' title='bbox 716 1443 793 1498; x_wconf 89' lang='lat' dir='ltr'>modi</span> <span class='ocrx_word' id='word_1_154' title='bbox 811 1446 888 1510; x_wconf 89' lang='lat' dir='ltr'>eunt,</span> <span class='ocrx_word' id='word_1_155' title='bbox 911 1444 944 1500; x_wconf 86' lang='lat' dir='ltr'>ut</span> <span class='ocrx_word' id='word_1_156' title='bbox 966 1458 1023 1496; x_wconf 89' lang='lat' dir='ltr'>non</span> 
     </span>
     <span class='ocr_line' id='line_1_19' title="bbox 41 1510 1022 1582; baseline 0.004 -20"><span class='ocrx_word' id='word_1_157' title='bbox 41 1511 83 1562; x_wconf 69' lang='lat' dir='ltr'>tn</span> <span class='ocrx_word' id='word_1_158' title='bbox 101 1527 169 1566; x_wconf 81' lang='lat' dir='ltr'>nora</span> <span class='ocrx_word' id='word_1_159' title='bbox 186 1512 283 1568; x_wconf 89' lang='lat' dir='ltr'>dicere</span> <span class='ocrx_word' id='word_1_160' title='bbox 301 1529 384 1581; x_wconf 87' lang='lat' dir='ltr'>quam</span> <span class='ocrx_word' id='word_1_161' title='bbox 407 1510 483 1566; x_wconf 90' lang='lat' dir='ltr'>dicta</span> <span class='ocrx_word' id='word_1_162' title='bbox 500 1511 567 1567; x_wconf 85' lang='lat' dir='ltr'>libri</span> <span class='ocrx_word' id='word_1_163' title='bbox 585 1511 736 1582; x_wconf 88' lang='lat' dir='ltr'>superioris</span> <span class='ocrx_word' id='word_1_164' title='bbox 754 1511 909 1568; x_wconf 87' lang='lat' dir='ltr'>instaurare</span> <span class='ocrx_word' id='word_1_165' title='bbox 929 1512 1022 1568; x_wconf 82' lang='lat' dir='ltr'>ridea-</span> 
     </span>
     <span class='ocr_line' id='line_1_20' title="bbox 43 1581 1022 1652; baseline 0.006 -21"><span class='ocrx_word' id='word_1_166' title='bbox 43 1581 79 1632; x_wconf 83' lang='lat' dir='ltr'>tur.</span> <span class='ocrx_word' id='word_1_167' title='bbox 111 1581 174 1637; x_wconf 86' lang='lat' dir='ltr'>Post</span> <span class='ocrx_word' id='word_1_168' title='bbox 197 1584 272 1637; x_wconf 86' lang='lat' dir='ltr'>hacc</span> <span class='ocrx_word' id='word_1_169' title='bbox 300 1582 395 1637; x_wconf 88' lang='lat' dir='ltr'>omnia</span> <span class='ocrx_word' id='word_1_170' title='bbox 419 1581 507 1651; x_wconf 90' lang='lat' dir='ltr'>ipsius</span> <span class='ocrx_word' id='word_1_171' title='bbox 535 1581 676 1636; x_wconf 80' lang='lat' dir='ltr'>Ciceronis</span> <span class='ocrx_word' id='word_1_172' title='bbox 703 1599 754 1652; x_wconf 92' lang='lat' dir='ltr'>per</span> <span class='ocrx_word' id='word_1_173' title='bbox 779 1583 899 1639; x_wconf 89' lang='lat' dir='ltr'>honores</span> <span class='ocrx_word' id='word_1_174' title='bbox 926 1581 1022 1638; x_wconf 86' lang='lat' dir='ltr'>Verris</span> 
     </span>
     <span class='ocr_line' id='line_1_21' title="bbox 44 1651 1022 1724; baseline 0.003 -21"><span class='ocrx_word' id='word_1_175' title='bbox 44 1664 88 1703; x_wconf 75' lang='lat' dir='ltr'>um</span> <span class='ocrx_word' id='word_1_176' title='bbox 109 1652 272 1707; x_wconf 75' lang='lat' dir='ltr'>criminibus</span> <span class='ocrx_word' id='word_1_177' title='bbox 293 1652 403 1708; x_wconf 89' lang='lat' dir='ltr'>iunctos</span> <span class='ocrx_word' id='word_1_178' title='bbox 421 1651 523 1707; x_wconf 86' lang='lat' dir='ltr'>divisio</span> <span class='ocrx_word' id='word_1_179' title='bbox 541 1668 592 1722; x_wconf 88' lang='lat' dir='ltr'>per</span> <span class='ocrx_word' id='word_1_180' title='bbox 610 1652 735 1706; x_wconf 81' lang='lat' dir='ltr'>ordinem</span> <span class='ocrx_word' id='word_1_181' title='bbox 751 1655 909 1724; x_wconf 80' lang='lat' dir='ltr'>temporum</span> <span class='ocrx_word' id='word_1_182' title='bbox 927 1653 1022 1708; x_wconf 88' lang='lat' dir='ltr'>currit.</span> 
     </span>
    </p>
   </div>
   <div class='ocr_carea' id='block_1_4' title="bbox 27 1873 1062 3570">
    <p class='ocr_par' dir='ltr' id='par_1_5' title="bbox 31 1873 1062 2694">
     <span class='ocr_line' id='line_1_22' title="bbox 90 1873 1062 1998; baseline 0 -33"><span class='ocrx_word' id='word_1_183' title='bbox 90 1899 254 1968; x_wconf 89' lang='lat' dir='ltr'>Neminem</span> <span class='ocrx_word' id='word_1_184' title='bbox 272 1905 416 1967; x_wconf 84' lang='lat' dir='ltr'>vestrum</span> <span class='ocrx_word' id='word_1_185' title='bbox 436 1902 588 1988; x_wconf 84' lang='lat' dir='ltr'>ignorare</span> <span class='ocrx_word' id='word_1_186' title='bbox 611 1901 762 1982; x_wconf 90' lang='lat' dir='ltr'>arbitror,</span> <span class='ocrx_word' id='word_1_187' title='bbox 784 1900 915 1979; x_wconf 89' lang='lat' dir='ltr'>iudices,</span> <span class='ocrx_word' id='word_1_188' title='bbox 937 1873 1062 1998; x_wconf 67' lang='lat' dir='ltr'>hunc}</span> 
     </span>
     <span class='ocr_line' id='line_1_23' title="bbox 46 1987 1024 2074; baseline 0 -21"><span class='ocrx_word' id='word_1_189' title='bbox 46 2005 85 2067; x_wconf 81' lang='lat' dir='ltr'>per</span> <span class='ocrx_word' id='word_1_190' title='bbox 101 1988 189 2056; x_wconf 87' lang='lat' dir='ltr'>hosce</span> <span class='ocrx_word' id='word_1_191' title='bbox 213 1989 284 2055; x_wconf 88' lang='lat' dir='ltr'>dies</span> <span class='ocrx_word' id='word_1_192' title='bbox 308 2011 488 2054; x_wconf 88' lang='lat' dir='ltr'>sermonem</span> <span class='ocrx_word' id='word_1_193' title='bbox 511 1989 603 2074; x_wconf 79' lang='lat' dir='ltr'>vulgi</span> <span class='ocrx_word' id='word_1_194' title='bbox 622 1993 719 2072; x_wconf 89' lang='lat' dir='ltr'>atque</span> <span class='ocrx_word' id='word_1_195' title='bbox 737 1987 821 2053; x_wconf 88' lang='lat' dir='ltr'>hanc</span> <span class='ocrx_word' id='word_1_196' title='bbox 840 1988 1024 2073; x_wconf 88' lang='lat' dir='ltr'>opinionem</span> 
     </span>
     <span class='ocr_line' id='line_1_24' title="bbox 46 2076 1025 2162; baseline 0.001 -22"><span class='ocrx_word' id='word_1_197' title='bbox 46 2077 130 2158; x_wconf 84' lang='lat' dir='ltr'>populi</span> <span class='ocrx_word' id='word_1_198' title='bbox 153 2078 296 2144; x_wconf 86' lang='lat' dir='ltr'>Romani</span> <span class='ocrx_word' id='word_1_199' title='bbox 321 2077 434 2162; x_wconf 81' lang='lat' dir='ltr'>fuisse,</span> <span class='ocrx_word' id='word_1_200' title='bbox 466 2076 501 2143; x_wconf 83' lang='lat' dir='ltr'>O.</span> <span class='ocrx_word' id='word_1_201' title='bbox 528 2077 674 2143; x_wconf 85' lang='lat' dir='ltr'>Verrem</span> <span class='ocrx_word' id='word_1_202' title='bbox 692 2077 796 2141; x_wconf 87' lang='lat' dir='ltr'>altera</span> <span class='ocrx_word' id='word_1_203' title='bbox 823 2076 949 2142; x_wconf 90' lang='lat' dir='ltr'>actione</span> <span class='ocrx_word' id='word_1_204' title='bbox 976 2097 1025 2141; x_wconf 77' lang='lat' dir='ltr'>re</span> 
     </span>
     <span class='ocr_line' id='line_1_25' title="bbox 47 2163 1023 2250; baseline 0.005 -24"><span class='ocrx_word' id='word_1_205' title='bbox 47 2180 209 2243; x_wconf 81' lang='lat' dir='ltr'>sponsarum</span> <span class='ocrx_word' id='word_1_206' title='bbox 240 2187 306 2232; x_wconf 90' lang='lat' dir='ltr'>non</span> <span class='ocrx_word' id='word_1_207' title='bbox 335 2187 405 2230; x_wconf 89' lang='lat' dir='ltr'>esse</span> <span class='ocrx_word' id='word_1_208' title='bbox 436 2185 540 2250; x_wconf 85' lang='lat' dir='ltr'>neque</span> <span class='ocrx_word' id='word_1_209' title='bbox 571 2164 612 2229; x_wconf 85' lang='lat' dir='ltr'>ad</span> <span class='ocrx_word' id='word_1_210' title='bbox 644 2164 796 2230; x_wconf 89' lang='lat' dir='ltr'>iudicium</span> <span class='ocrx_word' id='word_1_211' title='bbox 829 2163 1023 2231; x_wconf 86' lang='lat' dir='ltr'>adfuturum.</span> 
     </span>
     <span class='ocr_line' id='line_1_26' title="bbox 31 2243 1025 2338; baseline -0.002 -18"><span class='ocrx_word' id='word_1_212' title='bbox 31 2243 110 2320; x_wconf 71' lang='lat' dir='ltr'>lQuae</span> <span class='ocrx_word' id='word_1_213' title='bbox 131 2254 219 2320; x_wconf 86' lang='lat' dir='ltr'>fama</span> <span class='ocrx_word' id='word_1_214' title='bbox 246 2275 312 2319; x_wconf 88' lang='lat' dir='ltr'>non</span> <span class='ocrx_word' id='word_1_215' title='bbox 343 2254 461 2320; x_wconf 87' lang='lat' dir='ltr'>idcireo</span> <span class='ocrx_word' id='word_1_216' title='bbox 494 2253 599 2318; x_wconf 89' lang='lat' dir='ltr'>solum</span> <span class='ocrx_word' id='word_1_217' title='bbox 632 2257 813 2338; x_wconf 86' lang='lat' dir='ltr'>emanarat,</span> <span class='ocrx_word' id='word_1_218' title='bbox 845 2254 931 2337; x_wconf 90' lang='lat' dir='ltr'>quod</span> <span class='ocrx_word' id='word_1_219' title='bbox 962 2254 1025 2319; x_wconf 88' lang='lat' dir='ltr'>iste</span> 
     </span>
     <span class='ocr_line' id='line_1_27' title="bbox 47 2341 1025 2426; baseline 0.005 -23"><span class='ocrx_word' id='word_1_220' title='bbox 47 2341 109 2403; x_wconf 74' lang='lat' dir='ltr'>corb</span> <span class='ocrx_word' id='word_1_221' title='bbox 136 2344 297 2408; x_wconf 88' lang='lat' dir='ltr'>statuerat</span> <span class='ocrx_word' id='word_1_222' title='bbox 328 2363 365 2406; x_wconf 92' lang='lat' dir='ltr'>ac</span> <span class='ocrx_word' id='word_1_223' title='bbox 392 2342 627 2406; x_wconf 76' lang='lat' dir='ltr'>deliberaverat</span> <span class='ocrx_word' id='word_1_224' title='bbox 658 2362 725 2406; x_wconf 90' lang='lat' dir='ltr'>non</span> <span class='ocrx_word' id='word_1_225' title='bbox 755 2341 881 2426; x_wconf 87' lang='lat' dir='ltr'>adesse,</span> <span class='ocrx_word' id='word_1_226' title='bbox 912 2363 1025 2408; x_wconf 79' lang='lat' dir='ltr'>cerum</span> 
     </span>
     <span class='ocr_line' id='line_1_28' title="bbox 48 2424 1025 2515; baseline 0.009 -28"><span class='ocrx_word' id='word_1_227' title='bbox 48 2424 131 2511; x_wconf 72' lang='lat' dir='ltr'>ctiam</span> <span class='ocrx_word' id='word_1_228' title='bbox 165 2430 252 2514; x_wconf 90' lang='lat' dir='ltr'>quod</span> <span class='ocrx_word' id='word_1_229' title='bbox 284 2451 379 2495; x_wconf 88' lang='lat' dir='ltr'>nemo</span> <span class='ocrx_word' id='word_1_230' title='bbox 416 2450 609 2513; x_wconf 86' lang='lat' dir='ltr'>quemquam</span> <span class='ocrx_word' id='word_1_231' title='bbox 646 2433 715 2494; x_wconf 86' lang='lat' dir='ltr'>tam</span> <span class='ocrx_word' id='word_1_232' title='bbox 753 2430 919 2515; x_wconf 88' lang='lat' dir='ltr'>audacem,</span> <span class='ocrx_word' id='word_1_233' title='bbox 955 2435 1025 2496; x_wconf 91' lang='lat' dir='ltr'>tam</span> 
     </span>
     <span class='ocr_line' id='line_1_29' title="bbox 49 2516 1026 2604; baseline 0.009 -31"><span class='ocrx_word' id='word_1_234' title='bbox 49 2520 186 2604; x_wconf 82' lang='lat' dir='ltr'>suentem,</span> <span class='ocrx_word' id='word_1_235' title='bbox 209 2523 280 2583; x_wconf 88' lang='lat' dir='ltr'>tam</span> <span class='ocrx_word' id='word_1_236' title='bbox 302 2518 511 2603; x_wconf 88' lang='lat' dir='ltr'>inpudentem</span> <span class='ocrx_word' id='word_1_237' title='bbox 533 2516 603 2582; x_wconf 87' lang='lat' dir='ltr'>fore</span> <span class='ocrx_word' id='word_1_238' title='bbox 626 2516 857 2601; x_wconf 85' lang='lat' dir='ltr'>arbitrabatur,</span> <span class='ocrx_word' id='word_1_239' title='bbox 880 2518 936 2602; x_wconf 87' lang='lat' dir='ltr'>qui</span> <span class='ocrx_word' id='word_1_240' title='bbox 956 2523 1026 2583; x_wconf 88' lang='lat' dir='ltr'>tam</span> 
     </span>
     <span class='ocr_line' id='line_1_30' title="bbox 49 2600 1026 2694; baseline 0.005 -29"><span class='ocrx_word' id='word_1_241' title='bbox 49 2600 149 2694; x_wconf 62' lang='lat' dir='ltr'>tefanis</span> <span class='ocrx_word' id='word_1_242' title='bbox 172 2605 371 2690; x_wconf 87' lang='lat' dir='ltr'>criminibus,</span> <span class='ocrx_word' id='word_1_243' title='bbox 393 2610 462 2671; x_wconf 89' lang='lat' dir='ltr'>tam</span> <span class='ocrx_word' id='word_1_244' title='bbox 485 2605 598 2670; x_wconf 90' lang='lat' dir='ltr'>multis</span> <span class='ocrx_word' id='word_1_245' title='bbox 621 2604 760 2670; x_wconf 90' lang='lat' dir='ltr'>testibus</span> <span class='ocrx_word' id='word_1_246' title='bbox 783 2607 949 2672; x_wconf 83' lang='lat' dir='ltr'>convictus</span> <span class='ocrx_word' id='word_1_247' title='bbox 968 2626 1026 2670; x_wconf 87' lang='lat' dir='ltr'>ora</span> 
     </span>
    </p>

    <p class='ocr_par' dir='ltr' id='par_1_6' title="bbox 27 2687 1061 3570">
     <span class='ocr_line' id='line_1_31' title="bbox 27 2687 1026 2779; baseline 0.004 -28"><span class='ocrx_word' id='word_1_248' title='bbox 27 2687 157 2757; x_wconf 72' lang='lat' dir='ltr'>¹luditum</span> <span class='ocrx_word' id='word_1_249' title='bbox 180 2694 325 2779; x_wconf 84' lang='lat' dir='ltr'>aspicere</span> <span class='ocrx_word' id='word_1_250' title='bbox 348 2697 405 2759; x_wconf 88' lang='lat' dir='ltr'>aut</span> <span class='ocrx_word' id='word_1_251' title='bbox 428 2713 464 2759; x_wconf 90' lang='lat' dir='ltr'>os</span> <span class='ocrx_word' id='word_1_252' title='bbox 488 2714 581 2758; x_wconf 89' lang='lat' dir='ltr'>suum</span> <span class='ocrx_word' id='word_1_253' title='bbox 604 2693 725 2778; x_wconf 91' lang='lat' dir='ltr'>populo</span> <span class='ocrx_word' id='word_1_254' title='bbox 746 2692 894 2759; x_wconf 87' lang='lat' dir='ltr'>Romano</span> <span class='ocrx_word' id='word_1_255' title='bbox 918 2696 1026 2758; x_wconf 90' lang='lat' dir='ltr'>osten-</span> 
     </span>
     <span class='ocr_line' id='line_1_32' title="bbox 51 2771 1061 2865; baseline 0.007 -31"><span class='ocrx_word' id='word_1_256' title='bbox 51 2771 102 2840; x_wconf 86' lang='lat' dir='ltr'>dere</span> <span class='ocrx_word' id='word_1_257' title='bbox 117 2781 252 2847; x_wconf 87' lang='lat' dir='ltr'>auderet.</span> <span class='ocrx_word' id='word_1_258' title='bbox 288 2781 350 2846; x_wconf 76' lang='lat' dir='ltr'>illst</span> <span class='ocrx_word' id='word_1_259' title='bbox 366 2781 453 2846; x_wconf 92' lang='lat' dir='ltr'>idem</span> <span class='ocrx_word' id='word_1_260' title='bbox 470 2779 599 2863; x_wconf 86' lang='lat' dir='ltr'>Verres,</span> <span class='ocrx_word' id='word_1_261' title='bbox 622 2781 678 2865; x_wconf 88' lang='lat' dir='ltr'>qui</span> <span class='ocrx_word' id='word_1_262' title='bbox 694 2779 758 2845; x_wconf 90' lang='lat' dir='ltr'>fuit</span> <span class='ocrx_word' id='word_1_263' title='bbox 777 2801 912 2864; x_wconf 88' lang='lat' dir='ltr'>semper,</span> <span class='ocrx_word' id='word_1_264' title='bbox 930 2784 967 2844; x_wconf 89' lang='lat' dir='ltr'>ut</span> <span class='ocrx_word' id='word_1_265' title='bbox 986 2780 1027 2843; x_wconf 88' lang='lat' dir='ltr'>ad</span> <span class='ocrx_word' id='word_1_266' title='bbox 1045 2792 1061 2840; x_wconf 79' lang='lat' dir='ltr'>a</span> 
     </span>
     <span class='ocr_line' id='line_1_33' title="bbox 50 2863 1027 2954; baseline 0.011 -32"><span class='ocrx_word' id='word_1_267' title='bbox 50 2863 199 2934; x_wconf 84' lang='lat' dir='ltr'>audendum</span> <span class='ocrx_word' id='word_1_268' title='bbox 221 2870 399 2954; x_wconf 88' lang='lat' dir='ltr'>proiectus,</span> <span class='ocrx_word' id='word_1_269' title='bbox 422 2869 468 2934; x_wconf 89' lang='lat' dir='ltr'>sic</span> <span class='ocrx_word' id='word_1_270' title='bbox 486 2872 619 2954; x_wconf 89' lang='lat' dir='ltr'>paratus</span> <span class='ocrx_word' id='word_1_271' title='bbox 640 2869 684 2934; x_wconf 84' lang='lat' dir='ltr'>ad</span> <span class='ocrx_word' id='word_1_272' title='bbox 708 2869 914 2949; x_wconf 81' lang='lat' dir='ltr'>audiendum3</span> <span class='ocrx_word' id='word_1_273' title='bbox 936 2887 1027 2951; x_wconf 85' lang='lat' dir='ltr'>prae-</span> 
     </span>
     <span class='ocr_line' id='line_1_34' title="bbox 52 2951 1027 3042; baseline 0.01 -34"><span class='ocrx_word' id='word_1_274' title='bbox 52 2951 87 3012; x_wconf 87' lang='lat' dir='ltr'>sto</span> <span class='ocrx_word' id='word_1_275' title='bbox 110 2960 166 3040; x_wconf 90' lang='lat' dir='ltr'>est,</span> <span class='ocrx_word' id='word_1_276' title='bbox 197 2957 385 3042; x_wconf 86' lang='lat' dir='ltr'>respondet,</span> <span class='ocrx_word' id='word_1_277' title='bbox 418 2956 613 3039; x_wconf 71' lang='lat' dir='ltr'>defenditur,</span> <span class='ocrx_word' id='word_1_278' title='bbox 645 2977 687 3020; x_wconf 90' lang='lat' dir='ltr'>ne</span> <span class='ocrx_word' id='word_1_279' title='bbox 718 2957 780 3021; x_wconf 91' lang='lat' dir='ltr'>hoo</span> <span class='ocrx_word' id='word_1_280' title='bbox 808 2955 937 3039; x_wconf 83' lang='lat' dir='ltr'>quidem</span> <span class='ocrx_word' id='word_1_281' title='bbox 965 2954 1027 3018; x_wconf 90' lang='lat' dir='ltr'>sibi</span> 
     </span>
     <span class='ocr_line' id='line_1_35' title="bbox 52 3037 1028 3129; baseline 0.012 -34"><span class='ocrx_word' id='word_1_282' title='bbox 52 3037 139 3124; x_wconf 88' lang='lat' dir='ltr'>reliqui</span> <span class='ocrx_word' id='word_1_283' title='bbox 162 3044 254 3129; x_wconf 84' lang='lat' dir='ltr'>facit,</span> <span class='ocrx_word' id='word_1_284' title='bbox 282 3049 332 3129; x_wconf 88' lang='lat' dir='ltr'>ut,</span> <span class='ocrx_word' id='word_1_285' title='bbox 358 3046 394 3110; x_wconf 88' lang='lat' dir='ltr'>in</span> <span class='ocrx_word' id='word_1_286' title='bbox 416 3046 512 3110; x_wconf 88' lang='lat' dir='ltr'>rebus</span> <span class='ocrx_word' id='word_1_287' title='bbox 535 3043 734 3129; x_wconf 85' lang='lat' dir='ltr'>turpissimis</span> <span class='ocrx_word' id='word_1_288' title='bbox 758 3065 830 3108; x_wconf 90' lang='lat' dir='ltr'>oum</span> <span class='ocrx_word' id='word_1_289' title='bbox 853 3041 1028 3108; x_wconf 85' lang='lat' dir='ltr'>manifesto</span> 
     </span>
     <span class='ocr_line' id='line_1_36' title="bbox 32 3123 1032 3218; baseline 0.001 -25"><span class='ocrx_word' id='word_1_290' title='bbox 32 3123 177 3215; x_wconf 68' lang='lat' dir='ltr'>scmus,</span> <span class='ocrx_word' id='word_1_291' title='bbox 199 3134 228 3198; x_wconf 92' lang='lat' dir='ltr'>si</span> <span class='ocrx_word' id='word_1_292' title='bbox 249 3134 385 3198; x_wconf 89' lang='lat' dir='ltr'>reticeat</span> <span class='ocrx_word' id='word_1_293' title='bbox 407 3137 441 3198; x_wconf 90' lang='lat' dir='ltr'>et</span> <span class='ocrx_word' id='word_1_294' title='bbox 463 3133 559 3218; x_wconf 86' lang='lat' dir='ltr'>absit,</span> <span class='ocrx_word' id='word_1_295' title='bbox 582 3136 693 3198; x_wconf 85' lang='lat' dir='ltr'>tamen</span> <span class='ocrx_word' id='word_1_296' title='bbox 712 3130 931 3216; x_wconf 87' lang='lat' dir='ltr'>impudentiae</span> <span class='ocrx_word' id='word_1_297' title='bbox 951 3149 1032 3195; x_wconf 87' lang='lat' dir='ltr'>suae·</span> 
     </span>
     <span class='ocr_line' id='line_1_37' title="bbox 54 3213 1027 3306; baseline 0.004 -27"><span class='ocrx_word' id='word_1_298' title='bbox 54 3213 193 3290; x_wconf 77' lang='lat' dir='ltr'>pudentem</span> <span class='ocrx_word' id='word_1_299' title='bbox 216 3222 337 3287; x_wconf 81' lang='lat' dir='ltr'>exitum</span> <span class='ocrx_word' id='word_1_300' title='bbox 361 3221 525 3306; x_wconf 88' lang='lat' dir='ltr'>quaesisse</span> <span class='ocrx_word' id='word_1_301' title='bbox 547 3221 704 3288; x_wconf 78' lang='lat' dir='ltr'>rideatur.</span> <span class='ocrx_word' id='word_1_302' title='bbox 748 3217 875 3304; x_wconf 89' lang='lat' dir='ltr'>Patior,</span> <span class='ocrx_word' id='word_1_303' title='bbox 897 3219 1027 3301; x_wconf 88' lang='lat' dir='ltr'>iudices,</span> 
     </span>
     <span class='ocr_line' id='line_1_38' title="bbox 55 3301 1028 3392; baseline 0.005 -26"><span class='ocrx_word' id='word_1_304' title='bbox 55 3301 76 3360; x_wconf 75' lang='lat' dir='ltr'>tl</span> <span class='ocrx_word' id='word_1_305' title='bbox 87 3323 141 3370; x_wconf 87' lang='lat' dir='ltr'>non</span> <span class='ocrx_word' id='word_1_306' title='bbox 156 3310 290 3374; x_wconf 88' lang='lat' dir='ltr'>moleste</span> <span class='ocrx_word' id='word_1_307' title='bbox 303 3309 372 3373; x_wconf 86' lang='lat' dir='ltr'>fero</span> <span class='ocrx_word' id='word_1_308' title='bbox 387 3331 438 3374; x_wconf 90' lang='lat' dir='ltr'>me</span> <span class='ocrx_word' id='word_1_309' title='bbox 452 3309 574 3375; x_wconf 90' lang='lat' dir='ltr'>laboris</span> <span class='ocrx_word' id='word_1_310' title='bbox 589 3308 662 3392; x_wconf 82' lang='lat' dir='ltr'>mei,</span> <span class='ocrx_word' id='word_1_311' title='bbox 680 3327 739 3373; x_wconf 79' lang='lat' dir='ltr'>vos</span> <span class='ocrx_word' id='word_1_312' title='bbox 753 3307 886 3373; x_wconf 79' lang='lat' dir='ltr'>virtutis</span> <span class='ocrx_word' id='word_1_313' title='bbox 900 3311 1028 3372; x_wconf 85' lang='lat' dir='ltr'>vestrae</span> 
     </span>
     <span class='ocr_line' id='line_1_39' title="bbox 55 3382 1028 3486; baseline 0.006 -33"><span class='ocrx_word' id='word_1_314' title='bbox 55 3382 163 3486; x_wconf 67' lang='lat' dir='ltr'>iustum</span> <span class='ocrx_word' id='word_1_315' title='bbox 185 3418 253 3462; x_wconf 89' lang='lat' dir='ltr'>esse</span> <span class='ocrx_word' id='word_1_316' title='bbox 276 3399 411 3464; x_wconf 87' lang='lat' dir='ltr'>laturos.</span> <span class='ocrx_word' id='word_1_317' title='bbox 455 3396 542 3463; x_wconf 88' lang='lat' dir='ltr'>Nam</span> <span class='ocrx_word' id='word_1_318' title='bbox 566 3397 594 3462; x_wconf 92' lang='lat' dir='ltr'>si</span> <span class='ocrx_word' id='word_1_319' title='bbox 621 3397 684 3460; x_wconf 90' lang='lat' dir='ltr'>iste</span> <span class='ocrx_word' id='word_1_320' title='bbox 710 3395 744 3461; x_wconf 94' lang='lat' dir='ltr'>id</span> <span class='ocrx_word' id='word_1_321' title='bbox 770 3395 914 3478; x_wconf 81' lang='lat' dir='ltr'>fecisset,</span> <span class='ocrx_word' id='word_1_322' title='bbox 942 3394 1028 3478; x_wconf 90' lang='lat' dir='ltr'>quod</span> 
     </span>
     <span class='ocr_line' id='line_1_40' title="bbox 56 3485 1027 3570; baseline -0.009 -18"><span class='ocrx_word' id='word_1_323' title='bbox 56 3491 119 3551; x_wconf 82' lang='lat' dir='ltr'>luus</span> <span class='ocrx_word' id='word_1_324' title='bbox 135 3486 296 3570; x_wconf 88' lang='lat' dir='ltr'>statuerat,</span> <span class='ocrx_word' id='word_1_325' title='bbox 315 3490 435 3553; x_wconf 87' lang='lat' dir='ltr'>utnon</span> <span class='ocrx_word' id='word_1_326' title='bbox 455 3486 591 3568; x_wconf 91' lang='lat' dir='ltr'>adesset,</span> <span class='ocrx_word' id='word_1_327' title='bbox 610 3485 715 3548; x_wconf 89' lang='lat' dir='ltr'>minus</span> <span class='ocrx_word' id='word_1_328' title='bbox 735 3485 911 3566; x_wconf 89' lang='lat' dir='ltr'>aliquanto,</span> <span class='ocrx_word' id='word_1_329' title='bbox 930 3502 1027 3564; x_wconf 81' lang='lat' dir='ltr'>&lt;luam</span> 
     </span>
    </p>
   </div>
   <div class='ocr_carea' id='block_1_5' title="bbox 0 0 1216 3938">
    <p class='ocr_par' dir='ltr' id='par_1_7' title="bbox 0 0 1216 3938">
     <span class='ocr_line' id='line_1_41' title="bbox 0 0 1216 3938; baseline 0 0"><span class='ocrx_word' id='word_1_330' title='bbox 0 0 1216 3938; x_wconf 95' lang='lat' dir='ltr'> </span> 
     </span>
    </p>
   </div>
  </div>
 </body>
</html>
