2404 3928
282 149 348 208 ΗΒ.
363 151 402 206 lv
434 151 510 206 can.
529 155 617 207 e-rro
636 158 650 218 s
671 155 805 222 17-(22).
980 155 1044 220 371

42 294 119 358 siin
138 315 221 378 eum,
245 315 341 378 quem
359 299 487 360 constet
504 317 616 361 verum
633 317 693 381 pro
712 297 899 362 iesiimonio
919 299 1046 385 dixisse,

40 403 177 467 poenam
195 382 445 448 constituerint?
477 383 622 448 Tametsi
641 406 723 468 quae
742 389 792 449 esi
808 386 874 450 isla
892 387 1047 472 laudatio,

41 493 109 535 cum
132 471 284 536 laudaior
306 472 528 558 interrogalus
551 473 660 538 laedat
681 494 811 538 neeesse
834 476 906 539 esi?
939 475 1045 551 Quid?

39 559 91 623 isti
109 559 298 625 laudaiores
321 560 370 624 lui
391 581 498 625 nonne
520 564 621 625 testes
646 562 710 625 mei
733 563 830 626 sunt?
870 562 971 628 Heius
995 568 1046 629 esi

19 648 202 732 ⁵laudaior3
228 648 326 714 laesit
348 649 557 734 gravissume.
602 647 782 715 Producam
806 654 944 736 celeros3
970 652 1045 716 reli·

41 737 171 820 cebant,
198 757 280 820 quae
302 740 469 821 poterunt,
491 737 644 819 libenter,
667 739 786 822 dicent,
810 761 891 823 quae
914 761 1045 806 necesse

41 825 111 908 etii,
140 824 304 911 ingratiis.
347 823 478 910 Negent
506 825 564 889 isli
591 827 773 891 onerariam
799 849 916 892 navem
943 830 1045 894 maxi-

41 935 123 977 nam
146 913 348 978 aedificatam
372 934 442 978 esse
459 912 650 978 Messanae?
686 913 827 1000 Negent,
849 917 877 980 si
899 922 1044 1000 possunt.

41 999 168 1086 Negent
186 1002 216 1065 ei
233 1001 310 1066 navi
329 1001 523 1082 [faciundae]
544 1005 726 1067 senatorem
740 1003 970 1070 Mamertinum
988 1029 1045 1089 pu·

11 1105 31 1144 10
41 1089 120 1154 blioe
142 1089 345 1174 praefuisse?
377 1088 512 1154 Utinam
529 1092 664 1176 negent!
700 1088 783 1155 Sunt
801 1092 899 1156 eiiam
923 1097 1044 1177 ceiera3

43 1198 118 1260 quae
131 1178 220 1242 malo
232 1178 361 1264 integra
370 1199 544 1262 reservare,
553 1182 591 1242 ut
602 1201 699 1264 quam
712 1179 881 1244 minimum
891 1180 964 1244 dem
975 1181 1043 1246 illis

41 1265 194 1351 temporis
214 1266 255 1330 ad
274 1266 495 1330 meditandum
518 1267 835 1353 confirmandumque
857 1269 1043 1351 periurium.

41 1352 125 1419 Haeo
152 1353 216 1418 libi
242 1353 388 1418 laudatio
414 1355 569 1439 procedat
595 1355 629 1418 in
654 1357 845 1422 numerum?
874 1356 910 1421 hi
932 1362 965 1422 ie
987 1358 1044 1423 ho·
1061 1369 1096 1418 ao

43 1442 140 1506 mines
162 1443 357 1508 aucloriiale
375 1464 434 1507 sua
452 1443 643 1508 sublevent?
666 1445 721 1528 qui
743 1448 776 1509 ie
798 1465 902 1529 neque
926 1446 1044 1511 debent

15 1529 203 1613 cadiuvare,
227 1530 416 1616 sipossini,
438 1551 541 1616 neque
563 1536 713 1616 possunt,
737 1535 764 1598 si
787 1534 903 1618 velint3
926 1534 1043 1618 quibus

44 1621 75 1681 lu
103 1618 260 1703 privatim
291 1619 427 1683 iniurias
459 1619 615 1703 plurimas
648 1621 925 1706 contumeliasque
953 1623 1044 1707 inpo-

7 1743 8 1746 ¹
45 1707 146 1792 suisli,
178 1727 243 1791 quo
273 1707 308 1770 in
335 1707 453 1792 oppido
481 1709 601 1772 multas
627 1708 771 1773 familias
797 1713 885 1774 iolas
912 1710 947 1774 in
973 1731 1044 1795 per-

45 1799 170 1877 peluum
202 1794 333 1860 infamis
365 1796 431 1859 iuis
464 1796 584 1880 stupris
611 1795 809 1881 flagitiisque
835 1796 952 1862 fecisti.
996 1797 1044 1861 Aa

45 1883 166 1965 publice
202 1883 424 1950 commodasii.
474 1883 555 1948 Non·
582 1883 650 1948 sine
683 1905 802 1969 magno
835 1884 964 1968 quidem
995 1886 1043 1950 rei

18 1972 185 2053 apublieae
217 1972 466 2057 provinciaeque
497 1970 626 2038 Siciliae
655 1971 859 2039 detrimento.
905 1971 1020 2038 Tritici
1038 1981 1095 2050 (ar)

47 2060 181 2125 modium
204 2063 252 2124 13}
279 2064 390 2144 empia
411 2060 532 2144 populo
556 2059 705 2125 Romano
727 2060 803 2125 dare
827 2061 988 2127 debebant
1011 2066 1044 2126 et

47 2149 201 2231 solebant3
225 2149 283 2213 abs
306 2152 339 2213 ie
363 2149 434 2213 solo
457 2149 629 2212 remissum
652 2153 711 2213 esi.
751 2148 816 2214 Res
838 2150 971 2235 publica
993 2150 1044 2215 de·

46 2236 226 2301 trimenium
248 2237 336 2321 fecii,
358 2236 444 2320 quod
465 2240 578 2321 perte
600 2237 801 2322 imperiiius
824 2238 860 2303 in
881 2261 947 2304 una
970 2239 1045 2304 eivi-

46 2327 106 2389 lale
118 2325 327 2389 imminutum
341 2328 405 2409 esi3
424 2323 532 2408 Siculi,
550 2325 636 2408 quod
649 2326 757 2409 ipsum
774 2347 841 2390 non
859 2327 898 2391 de
917 2348 1045 2392 summa

19 2410 192 2478 efrumenai
223 2413 404 2478 detractum
435 2416 498 2496 esi,
531 2413 586 2476 sed
613 2413 811 2478 translatum
836 2415 872 2478 in
899 2412 1044 2479 Centuri-

46 2500 130 2582 pinos
159 2505 192 2566 et
218 2500 426 2585 Halaesinos,
456 2501 610 2565 immunis
635 2501 789 2588 populos,
820 2507 854 2565 et
880 2502 942 2567 hoo
968 2503 1043 2585 plus

47 2585 227 2673 inpositum,
255 2611 351 2673 quam
377 2589 463 2654 ferre
487 2592 629 2672 posseni.
673 2587 799 2653 Navem
820 2589 981 2675 imperare
1004 2611 1043 2654 ex
1060 2601 1094 2652 21

46 2674 164 2743 foedere
179 2678 332 2762 debuieii3
345 2677 501 2742 remisisti
513 2677 549 2740 in
562 2677 752 2761 triennium
765 2677 903 2742 militem
916 2677 1043 2743 nullum

47 2785 191 2850 umquam
217 2766 395 2851 poposcisti
421 2787 480 2850 per
505 2768 557 2830 lot
585 2787 695 2831 annos.
744 2763 864 2831 Fecisti
886 2766 979 2849 ilem,
1005 2770 1043 2831 ui

20 2855 215 2934 apraedones
247 2854 367 2937 soleni3
398 2854 454 2937 qui
486 2875 583 2936 quom
615 2853 727 2918 hostes
759 2873 944 2919 communes
977 2853 1043 2918 sini

47 2943 190 3026 omnium,
212 2947 322 3008 iamen
341 2942 467 3026 aliquos
487 2941 550 3004 sibi
572 2941 749 3006 instituunt
771 2941 901 3024 amicos,
925 2940 1042 3024 quibus

47 3048 103 3095 non
119 3031 216 3097 modo
235 3034 379 3116 porcani,
401 3051 513 3095 verum
532 3029 631 3094 eiiam
649 3029 769 3114 praeda
788 3049 868 3112 quos
892 3033 1043 3115 augeam,
1083 3103 1086 3108 ¹

47 3120 74 3180 el
98 3141 151 3185 eos
180 3119 332 3203 maxime,
360 3118 415 3202 qui
441 3117 564 3182 habent
591 3117 745 3204 oppidum
773 3119 934 3201 oportuno
960 3115 1043 3203 loco,

48 3225 101 3288 quo
119 3229 216 3310 saepe
235 3207 416 3272 adamdum
435 3206 478 3270 sir
496 3205 643 3289 navibus
665 3222 732 3268 non
748 3225 924 3288 numquam
943 3205 1043 3276 eliam

21 3301 248 3450 ³⁵necilliiileolis
267 3384 335 3485 illa,
358 3404 456 3467 quam
477 3381 563 3466 cepit
581 3380 617 3445 P.
635 3378 801 3465 Servilius,
825 3401 892 3482 nou
914 3381 1021 3484 iuerat
1038 3351 1095 3490 &g

49 3473 114 3537 urbs
140 3476 238 3539 antea
265 3470 402 3537 Orlrcum
429 3474 528 3554 alque
555 3467 892 3626 praedonumssyon
918 3470 1020 3553 illam,
