2402 3936
154 131 219 196 322
442 127 490 183 ‘IN
509 127 537 183 0.
551 125 710 182 dlllltltllM
728 127 809 186 Aur.
828 127 863 182 ΙΙ.

154 275 249 340 istius
263 274 428 359 Apronius
446 273 606 357 reliquum
625 272 712 356 fecit,
735 272 791 355 qui
807 276 919 336 tamen
936 272 972 336 in
990 271 1077 357 egris
1099 291 1150 355 spe

155 367 253 447 atque
272 363 494 447 expectatione
510 359 636 425 Metelli
653 361 901 424 remanserunt?
934 360 1039 436 Quid?
1061 360 1152 424 ceteri

156 449 265 535 Siculi,
283 451 381 538 quid?
404 449 461 514 ille
476 449 634 514 maximus
654 469 806 513 numerus
826 451 1003 531 aratorum,
1021 447 1077 531 qui
1094 469 1154 512 non

156 540 252 605 modo
280 559 318 603 ex
344 539 432 622 agris
460 537 553 602 eiecti
581 540 670 621 sunt,
697 536 754 601 sed
781 536 881 600 etiam
909 557 948 600 ex
973 536 1154 600 civitatibus

157 629 237 710 suis,
260 649 299 692 ex
318 624 485 712 provincie
508 625 644 709 denique
667 624 761 689 bonis
783 623 988 708 fortunisque
1012 625 1183 688 omnibuss

157 715 276 799 ereptis
292 713 515 799 profugerunt,
534 735 598 796 qua
615 712 742 777 ratione
757 712 781 776 ii
799 712 1060 777 revocabuntur?
1082 715 1158 796 quot

156 807 343 887 praetorum
374 800 559 866 innocentia
587 801 809 885 sapientiaque
837 821 918 883 opus
946 804 1010 884 est,
1042 803 1078 864 ut
1103 800 1158 864 illa

157 894 322 955 aratorum
341 890 515 956 multitudo
536 888 709 973 aliquando
727 887 762 952 in
781 887 848 952 suis
868 888 957 973 agris
976 909 1015 953 ae
1034 888 1157 952 sedibus

158 979 356 1044 collocetur?

104 1041 156 1168 {²269
225 1067 274 1132 Ac
299 1089 341 1131 ne
367 1065 529 1133 miremini
555 1069 683 1130 tantem
705 1063 947 1130 multitudinem
969 1064 1158 1150 profugisse,
1172 1085 1192 1124 u

159 1160 314 1240 quantam
338 1176 376 1219 ex
398 1155 518 1218 litteris
541 1153 681 1238 publicis
705 1156 934 1236 aratorumque
956 1152 1159 1236 professioni·

157 1245 217 1309 bus
254 1243 467 1330 cognovistis,
505 1241 620 1306 scitote
652 1243 780 1305 tantam
814 1241 1029 1306 acerbitatem
1059 1242 1159 1322 istius,

156 1335 286 1396 tantum
305 1331 409 1396 scelus
427 1331 462 1394 in
480 1333 625 1395 aratores
643 1329 744 1394 fuisse
767 1327 970 1412 (incredibile
994 1333 1045 1394 est
1067 1329 1159 1410 dictu,

157 1419 286 1503 iudices,
310 1418 417 1484 sedet
437 1418 559 1483 facturn
583 1421 616 1481 et
638 1420 710 1482 tota
732 1414 844 1482 Sicilia
865 1416 1104 1504 pervagatum),
1126 1421 1159 1480 ut

156 1506 304 1573 homines
333 1509 467 1590 propter
494 1505 628 1570 iniurias
655 1505 885 1590 licentiamque
913 1504 1160 1571 decumanorum
1172 1523 1192 1564 u

157 1598 297 1659 mortem
316 1594 379 1658 sibi
397 1594 461 1679 ipsi
479 1593 703 1659 consuluerint.
742 1591 990 1678 Centuripinum
1008 1594 1159 1676 Dioclem,

157 1683 322 1748 hominem
343 1683 552 1767 locupletem,
576 1681 780 1767 suspendisse
803 1703 837 1746 se
860 1686 1005 1766 constat,
1027 1704 1089 1767 quo
1113 1682 1160 1745 die

159 1772 202 1836 sit
221 1772 251 1836 ei
269 1771 455 1838 nuntiatum
469 1770 650 1856 Apronium
674 1770 823 1835 decumas
846 1770 1031 1836 redemisse.
1067 1769 1160 1854 'lyre-

159 1860 279 1944 cinum,
315 1859 494 1944 principem
529 1858 687 1942 civitatis,
723 1857 833 1922 eadem
864 1858 994 1924 ratione
1026 1863 1159 1925 mortem
1191 1909 1192 1938 ,

159 1949 323 2034 oppetisse
335 1948 416 2011 dixit
431 1947 516 2030 apud
529 1967 588 2011 vos
602 1947 700 2011 homo
713 1946 946 2030 nobilissimus,
960 1946 1159 2013 Archonidas
1171 1965 1191 2022 n

158 2035 343 2118 Helorinus,
362 2056 434 2099 cum
448 2034 591 2098 audisset
604 2038 734 2099 tantum
752 2033 965 2100 decumanum
983 2035 1160 2120 professum
1190 2027 1191 2056 ¹

160 2143 229 2187 esse
258 2143 295 2186 ex
324 2121 427 2186 edicto
454 2121 550 2185 istius
576 2121 639 2186 sibi
662 2122 784 2206 deberi,
811 2126 969 2207 quantum
992 2124 1050 2188 ille
1072 2123 1160 2188 bonis
1189 2160 1190 2175 κ

160 2213 226 2274 suis
254 2209 404 2273 omnibus
432 2209 557 2273 efficere
583 2230 650 2275 non
676 2215 795 2294 posset.
839 2209 928 2275 Haec
953 2215 1006 2296 tu,
1033 2211 1159 2277 tametsi
1188 2271 1189 2292 ,

160 2297 304 2362 omnium
341 2297 509 2362 hominum
550 2297 820 2363 dissolutissimus
860 2299 1159 2383 crudelissimusque

160 2407 287 2471 semper
304 2385 406 2469 fuisti,
428 2390 539 2451 tamen
556 2408 733 2469 numquam
755 2391 968 2471 perpeterere,
990 2379 1188 2472 proptereat

160 2475 246 2559 quod
272 2475 329 2538 ille
352 2475 492 2561 gemitus
515 2474 685 2559 luctusque
708 2475 893 2559 provinciae
916 2474 958 2540 ad
976 2477 1027 2540 tui
1049 2477 1157 2561 capitis
1186 2507 1187 2529 ι

159 2564 337 2647 periculum
364 2563 562 2646 pertinebat3
593 2584 672 2645 non,
703 2563 848 2647 inquam,
869 2566 1099 2649 perpeterere,
1126 2567 1157 2626 ut
1185 2601 1186 2647 ,

159 2651 307 2716 homines
334 2651 471 2716 iniuriae
498 2654 573 2715 tuae
600 2649 776 2715 remedium
801 2653 906 2715 morte
928 2673 967 2716 ac
991 2652 1157 2736 suspendio

160 2742 364 2824 quaererent,
389 2739 453 2803 nisi
481 2759 518 2802 eu
544 2759 596 2804 res
624 2737 665 2802 ad
693 2742 862 2823 quaestum
889 2742 922 2804 et
947 2739 1157 2826 adpraedam

159 2832 251 2893 tuam
273 2827 475 2913 pertineret
674 2897 677 2904 ¹

108 2917 160 2969 130
227 2915 331 2992 Quid?
367 2915 449 2979 illud
476 2914 646 2999 paterere?
690 2913 874 2999 Attendite,
900 2914 1038 3001 iudices,
1066 2916 1156 2982 omni·

160 3003 221 3067 bus
240 3004 325 3067 eninr
344 3003 425 3067 mihi
442 3003 549 3068 nervis
572 3002 829 3068 contendendum
852 3006 902 3068 est
925 3008 1026 3087 atque
1047 3005 1082 3069 in
1102 3005 1156 3068 hoc

161 3090 406 3174 elaborandum,
430 3095 467 3155 ut
487 3110 598 3155 omnes
620 3090 829 3178 intellegant,
853 3112 949 3175 quam
972 3093 1155 3176 improbam,

162 3199 259 3261 quam
277 3179 492 3262 manifestam,
515 3199 612 3262 quam
631 3178 812 3245 confessam
835 3202 904 3246 rem
925 3181 1063 3264 pecunie
1084 3180 1155 3245 redi·

161 3287 248 3328 mere
267 3271 407 3330 conetur.
449 3267 555 3332 Grave
577 3267 700 3332 crimen
723 3273 773 3332 est
794 3269 857 3334 hoc
879 3272 912 3333 et
934 3269 1106 3333 vehemens
1127 3271 1154 3331 et

160 3355 236 3432 post
254 3353 421 3417 hominum
439 3355 630 3420 memoriam
648 3356 830 3440 iudiciaque
848 3356 887 3420 de
909 3357 1054 3440 pecuniis
1076 3377 1153 3441 repe

160 3436 269 3499 tundis
298 3440 475 3506 constituta
503 3443 746 3528 gravissimum,
773 3449 956 3529 praetorem
980 3446 1083 3510 socios
1105 3445 1153 3508 ha
