2412 3936
153 176 216 242 198
253 175 293 229 ΙΝ
311 174 340 230 G.
358 173 511 229 VERREM
529 173 610 230 Aur.
629 173 662 228 ΙΙ.
694 173 794 228 LIB.I
835 171 864 228 C.
885 178 1033 240 61515'1,
1057 179 1112 229 158.

151 320 201 386 tui
228 320 377 385 deterret.
426 318 501 385 Non
533 319 637 385 dicum
664 316 710 400 id,
743 316 829 402 quod
860 316 1000 401 probare
1030 317 1148 382 difficile

152 412 216 491 est3
246 409 310 474 hoo
339 407 456 490 dicem,
489 407 574 492 quod
601 404 770 471 ostendum
797 405 919 470 multos
947 426 987 468 ex
1013 409 1047 470 te
1074 405 1148 470 viros
1190 411 1191 476 t

151 496 325 581 primarios
353 496 494 578 audisse,
524 517 597 560 eum
623 493 745 558 diceres
768 493 895 579 ignosci
917 492 979 557 tibi
1003 497 1149 578 oportere,
1190 515 1191 584 i

153 585 239 668 quod
270 584 391 648 fulsum
422 583 564 649 codicem
595 581 784 667 protulerim
822 603 912 664 nem,
944 601 1009 664 que
1039 581 1149 646 invidie

153 671 187 738 Ο.
213 673 326 738 Iunius
354 671 581 757 conflagravit,
608 691 660 754 ee,
684 670 748 734 nisi
774 669 987 754 providisses,
1014 668 1077 734 tibi
1097 670 1191 753 ipsit

102 778 152 830 158
170 763 241 826 tum
259 759 457 845 pereundum
475 759 600 824 fuisset.
640 756 712 823 Hoc
731 757 827 823 modo
845 757 909 822 iste
930 757 994 824 sibi
1011 761 1045 823 et
1062 757 1149 822 saluti

153 871 230 914 suae
247 848 432 932 prospioere
450 847 563 914 didicit
580 845 746 912 referendo
763 846 799 910 in
817 845 948 911 tubulas
967 849 1001 910 st
1016 846 1148 931 privates

103 957 108 963 “
152 941 186 1002 et
212 936 373 1021 publices,
402 936 487 1020 quod
515 939 646 1021 gestum
672 956 738 1001 non
761 938 862 1018 esset,
888 933 1049 1018 tollendo,
1075 932 1148 1018 quod

153 1028 247 1109 esset,
266 1028 298 1090 et
312 1045 439 1110 semper
457 1024 580 1109 aliquid
598 1023 764 1106 demendo,
782 1021 947 1106 mutando,
966 1022 1148 1106 interpolen-

153 1113 207 1197 d03
240 1133 277 1178 eo
305 1113 391 1178 enim
420 1133 522 1198 usque
550 1112 770 1198 progreditur,
802 1113 840 1175 ut
870 1132 912 1175 ne
944 1109 1172 1175 defensionem1⁰

154 1202 283 1286 quidem
310 1202 543 1268 maleficiorum
569 1221 702 1265 suorum
729 1199 798 1264 sine
828 1197 902 1264 uliis
924 1198 1089 1264 meleficiis
1109 1217 1147 1260 re

153 1290 258 1373 perire
278 1290 391 1374 possit.
430 1289 511 1356 Eius
534 1288 622 1354 modi
645 1287 912 1353 subsortitionem
933 1287 1033 1353 homo
1055 1307 1147 1352 umen·

153 1379 301 1443 tissimus
333 1399 465 1443 suorum
498 1399 624 1462 quoque
657 1375 799 1442 iudicum
833 1374 904 1440 iore
939 1376 1068 1460 putavit
1099 1393 1146 1459 per

154 1465 299 1531 sodalem
317 1487 410 1530 suum
429 1464 466 1541 Q.
481 1463 637 1549 Curtium,
661 1464 800 1530 iudicem
819 1464 1019 1549 quaestionis
1043 1463 1145 1544 [suse];

154 1553 205 1618 oui
227 1553 291 1617 nisi
314 1574 375 1638 ego
397 1554 431 1619 vi
452 1554 565 1639 populi
589 1557 686 1638 etque
708 1553 876 1618 hominurn
900 1553 1041 1618 elamore
1063 1555 1143 1633 atque
1155 1559 1171 1600 2⁵

154 1641 298 1706 convicio
321 1641 523 1727 restitissem,
547 1663 585 1708 ex
607 1643 669 1708 huo
687 1641 814 1708 decuria
831 1643 951 1724 vestre,
974 1640 1062 1706 ouius
1078 1636 1144 1703 mihi

154 1730 282 1814 eopiem
304 1751 402 1815 quem
425 1731 609 1818 largissime
630 1730 752 1797 instem
776 1728 963 1814 oportebat,
991 1749 1070 1814 quos
1093 1726 1142 1790 iste

156 1817 321 1905 adnuerat,
342 1819 377 1886 in
397 1842 491 1887 suum
509 1818 680 1886 eonsilium
699 1819 767 1883 sine
782 1838 879 1884 ceusu
893 1817 1142 1883 subsortiebutur.
