2404 3928
143 168 210 233 344
443 163 484 218 IN
502 162 530 218 G.
544 161 700 218 VERREM
717 161 799 216 AOT.
818 163 853 216 11.

144 311 226 376 mihi
240 309 291 395 da,
308 309 451 394 inquam,
469 328 508 372 ex
521 306 588 371 illis
603 306 798 389 aratoribus,
817 305 873 389 qui
886 305 949 370 tibi
969 305 1010 371 ad
1027 310 1144 373 statuas

144 399 298 484 pecunias
330 397 549 479 contulerunt,
581 394 638 479 qui
669 394 733 458 sibi
761 393 848 460 dicat
875 415 971 459 omne
998 416 1065 460 esse
1089 417 1145 481 pro

145 488 317 571 frumento,
331 484 417 569 quod
436 481 626 568 oportuerit,
645 483 799 548 solutum.
832 479 1007 568 Oorrfirmo,
1026 483 1146 568 iudices,

145 577 308 641 neminem
331 595 401 638 esse
424 571 593 637 dicturum.

92 635 144 763 iii
212 663 264 728 Ex
278 661 366 728 omni
379 659 524 745 pecunia,
543 679 641 743 quam
659 659 844 724 aratoribus
863 659 989 724 solvere
1008 658 1169 742 debuistis

147 751 244 818 certis
273 748 458 813 nominibus
487 747 694 813 deductiones
721 746 793 810 fieri
821 747 985 831 solebant,
1016 748 1150 833 primum

146 861 206 925 pro
239 837 438 923 spectatione
470 839 505 900 et
536 835 679 919 collybo,
714 834 827 899 deinde
859 856 919 920 pro
951 835 1061 900 nescio
1093 857 1149 920 quo

147 926 279 993 carario.
315 923 406 990 Haec
420 923 538 1008 omnia,
556 922 686 1006 iudices,
704 944 771 988 non
784 944 893 987 rerum
913 927 1084 1007 certarum,
1102 923 1151 987 sed

146 1015 309 1080 furtorum
322 1012 641 1098 improbissimorum
655 1016 732 1076 sunt
749 1011 917 1077 vocabula.
954 1010 988 1076 N
989 1033 1044 1076 am
1062 1012 1151 1095 colly-

147 1105 208 1168 bus
237 1124 307 1168 esse
335 1102 390 1186 qui
412 1103 534 1186 potest,
561 1121 636 1165 cum
657 1101 794 1164 utuntur
817 1120 929 1164 omnes
952 1121 1019 1164 uno
1045 1117 1180 1186 generem

147 1190 376 1257 nummorum?
413 1187 580 1254 Coranum
600 1208 678 1252 vero
700 1224 744 1232 —
767 1187 867 1270 quid?
890 1209 954 1270 quo
979 1188 1077 1252 modo
1098 1188 1152 1252 hoc

148 1301 268 1345 nomen
281 1279 323 1344 ad
335 1278 479 1343 rationes
493 1275 716 1361 magistratus,
735 1297 799 1358 quo
813 1274 909 1340 modo
929 1275 972 1340 ad
990 1277 1152 1359 pecuniam

148 1367 314 1452 publicam
338 1367 475 1430 allatum
498 1364 570 1428 est?
610 1362 697 1428 Nem
719 1362 802 1427 illud
826 1384 927 1448 genus
950 1365 1089 1429 tertium
1110 1364 1153 1427 de

150 1453 309 1519 ductionis
328 1455 400 1517 erat
423 1453 491 1517 eius
514 1450 612 1536 modi,
636 1451 729 1534 quasi
751 1472 818 1516 non
840 1450 936 1516 modo
959 1451 1084 1537 liceret,
1105 1450 1152 1516 sed

150 1542 249 1606 etiam
277 1543 456 1624 oporteret,
483 1560 542 1604 nec
571 1539 675 1605 solum
701 1542 881 1623 oporteret,
908 1539 966 1603 sed
989 1540 1088 1624 plane
1108 1553 1182 1603 nen

149 1649 237 1695 cesse
269 1631 364 1692 esset.
415 1625 547 1694 Scribae
578 1627 708 1693 nomine
736 1627 774 1691 de
802 1630 875 1692 tota
901 1628 1041 1712 pecunia
1068 1629 1153 1693 binae

150 1716 436 1803 quinquagesimae
452 1715 716 1781 detrahebantur.
748 1712 827 1790 Quis
841 1714 903 1781 hoc
916 1715 979 1780 tibi
993 1717 1153 1798 concessit,

150 1827 232 1889 quae
247 1805 309 1889 lex,
327 1826 410 1888 quae
427 1807 559 1869 senatus
579 1802 766 1886 auctoritas,
785 1824 868 1888 quae
885 1825 984 1887 porro
1004 1806 1153 1890 aequitas,

135 1897 187 1958 ¹ut
205 1896 333 1958 tantam
350 1891 520 1977 pecuniam
543 1891 651 1956 scriba
672 1894 749 1955 tuus
773 1890 915 1956 auferret
938 1891 1006 1956 sive
1030 1893 1072 1958 de
1093 1914 1153 1957 ura·

97 1993 148 2044 182
167 1985 278 2047 torum
291 1981 386 2046 bonis
400 1980 468 2046 sive
483 1979 521 2043 de
534 1979 648 2064 populi
661 1977 801 2043 Romani
814 1979 1055 2064 vectigalibus?
1077 1979 1153 2045 Nam
1163 1993 1183 2034 ²⁰

150 2069 179 2134 si
205 2072 316 2153 potest
342 2068 408 2132 ista
434 2067 570 2151 pecunia
599 2067 667 2129 sinc
694 2070 860 2132 aratorum
883 2067 1002 2132 iniuria
1025 2068 1153 2149 detrahi,

149 2155 290 2240 populus
308 2154 474 2219 Romanus
493 2153 622 2238 habeat,
645 2153 805 2219 intentis
828 2155 1021 2238 praesertim
1047 2155 1154 2222 aerarii

151 2242 325 2327 angustiis3
358 2242 409 2306 sin
438 2244 547 2306 autem
574 2244 607 2304 et
634 2242 775 2326 populus
802 2239 967 2307 Romanus
996 2245 1102 2310 voluit
1125 2247 1152 2306 et

151 2351 289 2412 acquum
309 2332 359 2392 est
377 2329 426 2393 ita
445 2328 527 2393 solvi
551 2329 746 2415 aratoribus,
768 2333 844 2394 tuus
868 2331 1038 2414 apparitor
1061 2352 1152 2418 parra

9 2441 10 2490 1
149 2417 263 2503 populi
291 2416 436 2482 mercede
459 2416 634 2485 conductus
659 2417 697 2483 de
721 2422 886 2483 aratorum
909 2419 1005 2483 bonis
1027 2419 1179 2504 praeda-s

9 2497 10 2558 i
149 2505 264 2572 bitur?
290 2505 335 2570 Et
353 2505 389 2570 in
405 2505 467 2570 hac
486 2527 583 2570 causa
602 2506 781 2571 scribarum
801 2506 946 2571 ordinem
963 2507 1000 2571 in
1018 2530 1072 2572 me
1090 2529 1151 2573 oon·

54 2657 61 2668 ,,
150 2593 266 2660 citabit
279 2591 476 2659 Hortensius
491 2598 524 2657 et
543 2615 655 2658 eorum
673 2593 842 2660 commoda
861 2615 880 2658 a
898 2616 950 2659 me
967 2593 1151 2661 labefactari

75 2683 137 2758 ‘No
150 2686 248 2766 atque
275 2681 459 2767 oppugnari
484 2681 557 2746 iura
584 2681 690 2746 dicet?
710 2741 712 2744 ,
732 2680 832 2758 Quasi
859 2703 935 2747 vero
960 2683 1024 2749 hoc
1048 2681 1151 2750 scribis

144 2763 218 2850 uilo
247 2769 395 2854 exemplo
424 2769 467 2834 sit
492 2772 549 2835 aut
572 2770 640 2834 ullo
662 2770 732 2834 iure
755 2791 951 2836 concessum.
993 2770 1079 2847 Quid
1099 2767 1150 2855 ego

149 2862 261 2922 vetere
278 2860 424 2944 repetam
443 2861 501 2922 aut
524 2857 600 2943 quid
624 2879 735 2922 eorum
759 2858 939 2924 scribarum
962 2861 1179 2925 mentionem³⁰

149 2945 278 3029 faciam,
297 2967 378 3029 quos
397 2948 527 3012 constat
546 2945 768 3011 sanctissimos
787 2946 935 3011 homines
955 2951 1053 3031 atque
1071 2949 1151 3012 inno

151 3033 354 3100 cantissimos
385 3033 508 3098 fuisse?
557 3032 633 3098 Non
665 3054 717 3098 me
749 3034 849 3119 fugit,
884 3033 1020 3120 iudices,
1050 3039 1150 3101 vetera

151 3122 298 3205 exempla
315 3144 376 3207 pro
394 3122 479 3187 fictis
497 3121 618 3186 fabulis
636 3121 704 3186 iam
727 3120 832 3187 audiri
856 3125 952 3207 atque
975 3123 1100 3205 haberi3
1121 3121 1150 3183 in

149 3208 202 3273 bis
230 3210 432 3293 temporibus
460 3209 615 3276 versabor
641 3209 770 3274 miseris
793 3231 830 3276 ac
852 3210 999 3294 perditis.
1038 3211 1148 3293 Nuper,

150 3294 322 3378 Hortensi,
351 3301 504 3380 quaestor
531 3297 632 3362 fuisti.
678 3295 763 3373 Quid
789 3299 838 3363 tui
865 3298 989 3364 scribae
1015 3297 1179 3376 fecerint,³⁵

150 3383 188 3443 tu
206 3383 299 3462 potes
321 3382 439 3466 dicere3
462 3405 524 3469 ego
543 3384 581 3449 de
604 3383 685 3449 meis
708 3383 770 3449 hoc
794 3384 874 3470 dic0,
897 3407 970 3452 cum
993 3388 1027 3450 in
1048 3383 1146 3450 eadem

150 3465 216 3528 ista
231 3461 341 3529 Sicilia
354 3490 414 3548 pro
427 3470 776 3564 frumentopecuniam
794 3473 982 3538 civitatibus
1002 3474 1147 3540 solverem
