2422 3952
353 155 431 214 CAP·
451 162 555 213 15-18
573 163 588 223 ᾖ
607 163 722 214 44-51.
995 159 1037 224 47

36 300 121 364 disse.
163 299 213 366 Ac
237 322 303 366 non
325 300 423 366 modo
445 298 508 366 hoc
529 304 660 386 petrum
682 303 852 368 voluntate
874 303 970 369 liberi
991 303 1037 370 fe-
1051 303 1090 368 17

34 389 129 471 ciunt,
160 388 218 454 sed
245 390 426 473 permultos
454 393 487 454 et
514 411 575 475 ego
602 389 680 455 novi
707 393 753 474 et,
780 390 922 456 nisime
948 391 1039 458 fallit

35 477 168 560 enimus,
192 499 283 542 unus
315 477 452 561 quisque
484 481 643 556 vestrum,
676 478 732 562 qui
764 478 888 562 stipsi
915 478 1038 546 incensi

34 569 101 630 sunt
120 565 243 649 studio,
266 565 353 650 quod
376 565 416 631 ad
439 585 555 651 agrum
578 565 749 649 colendum
772 567 899 649 attinet,
923 567 1038 632 vitam·

14 673 87 737 sque
107 653 196 719 benc
217 653 389 736 rusticam,
412 675 510 738 quam
531 658 569 720 tu
591 655 712 740 probro
735 658 769 720 et
791 654 919 722 crimini
939 659 1037 740 putas

33 763 94 807 esse
112 745 281 827 oportere,
308 746 342 808 et
363 741 629 809 honestissimam
652 746 686 809 et
713 744 939 810 suavissimam
967 765 1037 809 esse

35 830 238 896 arbitrantur.
266 828 350 907 Quid
367 851 479 896 censes
497 830 583 896 hune
596 831 704 917 ipsum
720 831 791 898 Sex.
804 831 958 898 Roscium
973 854 1037 917 quo
1055 854 1090 903 ss

35 920 131 984 studio
164 923 202 984 et
233 941 297 1003 qua
328 918 554 1005 intellegentie
585 940 656 984 esse
688 920 723 984 in
754 921 886 986 rusticis
916 922 1036 987 rebus?

34 1005 72 1072 Ut
97 1030 135 1073 cx
164 1007 220 1074 his
247 1007 439 1092 propinquis
467 1007 548 1090 eius,
575 1007 763 1074 bominibus
788 1008 1038 1093 honestissimis,

11 1096 131 1180 cendio,
164 1116 235 1160 non
265 1099 304 1161 tu
335 1094 370 1160 in
401 1094 467 1162 istc
495 1095 633 1162 artificio
661 1097 861 1162 accusatorio
888 1098 1038 1163 callidior

36 1205 62 1248 es
92 1206 193 1268 quem
224 1183 285 1248 hic-
308 1183 344 1250 in
375 1204 442 1248 suo.
486 1182 623 1267 Verum,
654 1188 692 1248 ut
724 1184 852 1269 opinor,
884 1186 1037 1269 quonism

36 1273 75 1336 ite
102 1273 321 1356 Chrysogono
352 1270 493 1355 videtur,
526 1273 582 1356 qui
612 1271 687 1338 huic
714 1273 841 1338 nullum
868 1273 1037 1358 praedium

36 1360 167 1445 reliquit,
193 1363 226 1424 et
246 1358 420 1424 artificium
440 1359 651 1425 obliviscatur
674 1363 707 1425 et
730 1361 873 1426 studium
897 1361 1038 1447 deponet

37 1449 144 1514 licebit.
203 1447 296 1524 Quod
335 1448 468 1512 temetsi
505 1448 659 1514 miserum
698 1452 731 1514 et
769 1449 939 1536 indignum
978 1454 1038 1534 est,

11 1536 107 1602 oleret
131 1541 248 1602 tamen
276 1557 379 1620 aequo
407 1537 529 1620 animo,
555 1536 690 1619 iudices,
718 1537 746 1602 si
772 1559 831 1622 per
852 1560 910 1604 vos
934 1539 1037 1605 vitam

39 1629 65 1689 et
87 1626 211 1692 famam
238 1626 349 1709 potest
376 1625 537 1709 optinere;
563 1624 626 1691 hoc
651 1646 730 1692 vero
759 1629 822 1710 est,
851 1626 936 1711 quod
958 1627 1038 1692 ierri

38 1734 92 1778 non
117 1716 245 1799 potest,
273 1712 302 1777 si
328 1715 361 1778 et
384 1713 419 1776 in
441 1712 525 1778 hanc
548 1713 768 1778 calamitatem
790 1715 880 1780 venit
902 1719 1039 1799 propter

39 1803 237 1884 praediorum
268 1800 450 1866 bonitatem
477 1805 510 1865 et
538 1801 781 1866 multitudinem
808 1803 855 1885 et,
887 1803 972 1884 quod
1000 1823 1038 1866 ea

41 1891 172 1958 studiose
200 1889 314 1973 coluit,
340 1889 375 1952 id
401 1889 464 1954 erit
491 1889 522 1954 ei
549 1889 688 1955 maxime
715 1887 836 1973 fraudi,
863 1892 900 1953 ut
922 1909 1039 1973 parum

13 1979 178 2045 ”miseriae
207 1979 264 2060 sit,
292 1977 378 2061 quod
406 1976 479 2042 eliis
508 1977 623 2060 coluit,
649 1976 816 2060 nonsibi,
841 1976 1039 2060 nisietiam,

43 2069 113 2149 quod
136 2067 270 2133 omnino
295 2064 409 2149 coluit,
433 2065 561 2130 crimini
582 2065 689 2131 fuerit.

94 2155 144 2221 Ne
177 2159 229 2238 tu,
261 2152 372 2238 Eruci,
404 2157 573 2218 accusator
604 2174 691 2219 esses
718 2153 887 2238 ridiculus,
914 2153 944 2218 si
970 2153 1038 2220 illis
1050 2131 1092 2259 15ss

42 2244 232 2329 temporibus
249 2246 346 2307 natus
366 2262 465 2326 esses,
487 2263 560 2307 cum
583 2243 624 2306 eb
649 2245 758 2308 aratro
783 2242 1038 2328 arcessebantur,
1107 2325 1109 2330 Ι

43 2332 87 2413 qui
111 2331 261 2399 eonsules
287 2331 410 2395 fierent.
453 2329 586 2396 Etenim
620 2330 676 2414 qui
701 2351 850 2415 praeesse
878 2352 958 2416 agro
986 2353 1039 2397 co-

18 2418 123 2487 clendo
149 2419 315 2507 flagitium
341 2421 450 2503 putee,
476 2417 623 2503 profecto
649 2418 742 2484 illum
764 2417 916 2501 Atilium,
943 2441 1038 2503 quem

45 2527 91 2573 sue
113 2531 214 2576 manu
242 2509 450 2592 spargentem
477 2527 601 2590 semen,
631 2506 687 2590 qui
713 2505 806 2590 missi
832 2511 938 2592 erant,
965 2529 1038 2573 con-

45 2601 195 2681 venerunt,
209 2596 374 2661 hominem
388 2594 613 2679 turpissimum
627 2598 724 2678 etque
737 2595 1039 2661 inhonestissimum

46 2683 211 2752 iudicares·
237 2684 285 2748 As
310 2683 441 2748 hercule
469 2683 607 2748 maiores
634 2683 741 2748 nostri
764 2683 863 2770 longe
886 2683 983 2748 aliter
1006 2685 1041 2746 et

47 2770 77 2834 de
91 2774 145 2840 illo
167 2778 200 2838 et
225 2773 263 2837 de
287 2771 403 2838 ceteris
425 2771 549 2836 talibus
571 2771 650 2836 viris
675 2771 907 2837 existimabant
928 2771 1039 2854 itaque

20 2871 77 2922 beu
85 2863 216 2928 minima
229 2860 482 2943 tenuissimaque
496 2881 531 2926 re
545 2860 677 2945 publica
690 2860 865 2925 maximam
880 2862 913 2923 et
926 2857 1040 2922 floren-

47 2947 192 3016 tissimam
209 2949 306 3016 nobis
323 2949 532 3032 reliquerunt.
569 2945 650 3014 Suos
669 2949 756 3013 enim
775 2966 872 3033 egros
896 2944 1040 3010 studiose

48 3038 189 3123 colebant,
206 3060 275 3104 non
293 3038 416 3103 alienos
436 3036 549 3121 cupide
568 3036 779 3121 adpetebant3
802 3033 919 3119 quibus
942 3033 1039 3099 rebus

50 3127 74 3187 et
88 3127 171 3212 agris
190 3130 224 3193 et
242 3126 378 3192 urbibus
396 3128 430 3190 et
451 3123 639 3191 notionibus
662 3145 730 3189 rem
753 3121 918 3208 publicem
942 3125 1040 3207 etque

50 3209 96 3278 hoc
126 3216 300 3301 imperium
337 3217 370 3280 et
402 3213 516 3298 populi
547 3211 688 3279 Romani
720 3231 840 3276 nomen
874 3214 1039 3276 auxerunt.

27 3296 143 3386 &Neque
164 3325 226 3390 ego
249 3303 330 3369 haec
352 3323 390 3368 eo
413 3300 553 3386 profero,
576 3322 639 3384 quo
663 3298 856 3366 conferenda
878 3299 944 3365 sint
967 3320 1040 3364 cum
1058 3308 1092 3358 51

52 3383 129 3476 bisce,
151 3391 326 3477 dequibus
349 3411 433 3456 nunc
457 3389 651 3474 quaerimus,
674 3387 729 3454 sed
752 3387 893 3453 utillud
915 3386 1040 3451 intelle

54 3483 140 3565 geter,
160 3503 233 3549 cum
251 3480 338 3565 apud
359 3480 499 3545 maiores
521 3481 652 3543 nostros
677 3476 794 3544 summi
816 3475 879 3541 viri
902 3473 1040 3539 clarissi-
