2470 3936
169 137 234 201 458
470 135 510 188 IN
528 133 557 189 (l.
572 133 729 190 vuum
745 132 823 190 ΔΟΤ.
842 132 877 187 11.

168 279 276 346 lassus
304 301 391 345 esses
417 279 452 344 id
478 279 600 345 oriman
625 282 720 344 tauto
747 281 824 343 anta
851 276 1021 361 metuisse,
1047 277 1076 342 si
1098 299 1164 342 eum

116 382 150 433 to
169 369 290 435 diosras
317 387 388 434 osse
411 371 589 452 mortuum,
616 367 688 452 quis
708 370 744 431 ta
767 365 914 432 audiret?
959 365 1055 431 Naue
1074 387 1166 449 quom

169 457 281 523 virum
297 457 407 522 neseio
425 475 522 540 quem
541 456 643 522 iatum
664 454 825 539 producis,
847 458 958 520 tamen
980 458 1016 518 te
1038 453 1166 520 derideri

168 545 274 629 vides3
299 545 398 630 quid?
429 544 458 608 si
482 543 676 630 aufugisset,
703 543 733 608 si
754 543 864 609 vinela
884 543 1030 628 rupisset
1050 543 1111 625 ita,
1130 545 1167 606 ut

169 633 264 717 Nico,
284 634 342 698 ille
358 632 581 698 nobilissimus
601 633 719 717 pirata,
739 629 826 715 feeit,
849 652 947 715 quem
962 631 1000 696 P.
1018 629 1189 698 Servilioss

170 744 235 806 qua
246 721 406 788 felicitate
418 724 556 805 asperat,
574 719 686 786 eadam
703 719 916 805 recuperavit,
934 719 1015 804 quid
1032 718 1167 786 diesroe‘l

169 809 292 906 Verpm
322 810 385 876 hoo
416 812 499 874 erat:
532 809 560 874 si
590 809 648 874 illa
679 808 781 872 sanel
808 829 905 874 sorus
934 808 1046 892 phata
1071 807 1167 874 seeari

168 910 338 981 pareamus
366 901 466 982 esset,
492 898 661 980 paeoniam
687 897 781 962 illam
804 916 870 962 non
892 896 1046 980 habena
1073 895 1167 962 sileio

167 983 271 1051 iabus
299 990 385 1051 esset
406 989 554 1051 mortuus
577 989 634 1050 aut
656 984 870 1070 profugisset,
895 1005 963 1050 nou
983 989 1073 1050 esset
1094 984 1167 1050 diffi-

168 1074 230 1140 cile
252 1075 354 1140 alium
376 1075 411 1138 in
433 1074 594 1158 suppositi
616 1075 723 1139 losum
746 1093 936 1158 supponere.
976 1073 1079 1139 Plura
1099 1073 1200 1156 diris

169 1184 267 1246 quam
298 1163 401 1246 volui,
433 1162 471 1226 de
497 1161 557 1226 illo
585 1161 783 1246 archipirata
808 1166 844 1226 et
870 1165 982 1227 tamen
1011 1183 1062 1245 aa,
1092 1182 1167 1245 quae

168 1251 351 1316 certissima
368 1253 444 1315 sunt
461 1249 557 1315 huius
576 1249 719 1316 oriminis
738 1254 940 1335 argumente,
961 1249 1166 1335 praetermisi

169 1338 255 1404 Volo
275 1339 361 1404 euim
379 1359 449 1404 esse
467 1341 575 1404 totum
589 1338 673 1403 milri
695 1338 817 1404 crimen
838 1338 901 1404 hoo
922 1339 1102 1425 integrum
1121 1341 1167 1402 est

169 1430 276 1492 cartus
299 1426 402 1510 loona,
426 1430 515 1492 oerta
538 1427 604 1511 lex,
625 1429 748 1492 cerem
770 1425 933 1510 tribuat,
955 1448 1021 1511 quo
1043 1428 1103 1493 hoo
1123 1448 1166 1490 ra

115 1575 157 1701 {³1
169 1517 420 1668 servPitanentauta
437 1602 558 1686 praeda
575 1605 699 1685 anetus,
718 1602 898 1687 mancipiis,
916 1609 1064 1688 argento,
1085 1575 1167 1668 reita
1178 1531 1199 1571 1⁵

134 1652 389 1776 ⁰loaupletatus
415 1690 519 1755 nihilo
547 1690 735 1776 diligentior
762 1690 804 1760 ad
825 1691 965 1756 classem
988 1691 1167 1774 amadan,

168 1779 291 1845 milites
323 1779 520 1845 revocandos
553 1779 749 1862 alendosque
781 1799 852 1844 esse
884 1780 1005 1865 coepit,
1037 1802 1109 1846 oum
1133 1801 1166 1844 ss
1223 1807 1224 1838 l

168 1887 220 1932 res
251 1889 318 1934 non
349 1867 455 1964 solum
486 1867 671 1952 provinciae
699 1867 811 1951 saluti,
843 1889 958 1934 vuum
984 1869 1091 1934 stiam
1109 1867 1165 1953 ipsi

167 1956 306 2039 praedae
328 1960 441 2041 posset
463 1956 543 2022 es'sa
580 1953 668 2020 Nam
691 1959 816 2020 aestate
839 1977 982 2041 summa,
1009 1979 1074 2041 quo
1095 1961 1198 2021 lan-s

167 2064 248 2127 pora
275 2045 374 2109 aeteri
400 2048 567 2129 praetores
592 2043 682 2109 obire
704 2044 905 2128 provinciam
928 2049 962 2110 et
985 2065 1164 2112 eausam

168 2136 364 2196 consuerunt
395 2135 452 2197 aut
484 2132 583 2196 etiam
614 2131 650 2195 in
677 2135 771 2195 tanto
798 2132 997 2216 praedonum
1026 2136 1164 2200 metuet

94 2270 97 2276 .
167 2218 311 2302 periculo
338 2219 401 2304 ipsi
430 2219 599 2304 navigare,
626 2240 664 2284 eo
687 2222 833 2304 tempore
856 2219 903 2285 ad
921 2221 1083 2287 luxuriam
1102 2221 1163 2286 libi·
1221 2289 1222 2292 ,

169 2305 322 2390 diuosque
350 2327 426 2372 suas
453 2306 550 2371 domo
579 2328 638 2372 sua
664 2307 755 2392 regia
782 2309 879 2391 [quae
905 2308 994 2394 regis
1022 2309 1162 2375 Hieronis
1221 2339 1222 2431 p

166 2393 243 2477 fuit,
276 2415 340 2479 qua
370 2398 537 2480 praetores
569 2397 618 2460 uti
650 2395 769 2476 solent]
800 2401 973 2463 oontsutas
1004 2419 1073 2464 uon
1100 2397 1193 2476 fuit*

167 2483 390 2568 tabernacula,
422 2505 517 2570 quam
547 2483 589 2548 ad
614 2481 746 2548 modum
773 2490 947 2551 oomrerat
971 2487 1162 2572 tenporibus

167 2571 315 2655 aestivis,
347 2572 433 2655 quod
464 2575 561 2637 antea
592 2571 825 2655 demonstravi,
855 2575 1020 2640 eutaseis
1049 2577 1163 2640 utente

167 2659 249 2724 aelia
269 2659 432 2724 aonlooari
449 2660 598 2724 iussitire
616 2660 721 2742 litora,
740 2661 825 2744 quod
844 2666 896 2726 est
911 2663 993 2729 litas
1009 2664 1047 2728 in
1062 2661 1163 2728 imula

168 2744 335 2831 Syrasusis
367 2751 443 2832 post
465 2747 649 2813 Arethusae
679 2745 804 2813 iontem
831 2745 966 2836 propter
993 2752 1101 2837 ipsum
1123 2751 1162 2814 ia

168 2837 305 2902 troitum
332 2840 431 2920 atqua
457 2836 579 2902 ostium
604 2839 719 2920 portus
741 2857 877 2903 amoeno
900 2859 979 2904 sana
1000 2844 1035 2905 et
1058 2841 1098 2906 ab
1119 2853 1193 2904 ar·

115 2933 149 2983 81
170 2924 265 2990 bitris
290 2928 416 2990 remoto
439 2925 520 2990 loeo.
564 2921 627 2990 Hic
650 2923 719 2990 dies
741 2925 885 2992 aestivos
905 2932 1040 3013 praetor
1061 2925 1164 3014 populi

166 3011 306 3078 Romani
337 3015 446 3078 eustos
479 3012 691 3098 defensorque
721 3013 907 3098 provinciae
936 3016 984 3082 sio
1009 3017 1104 3100 vixit,
1130 3019 1163 3080 at

167 3100 340 3166 muliebria
351 3101 470 3166 ootidis
487 3101 635 3166 convivia
652 3105 770 3184 assent,
787 3102 838 3167 vir
856 3104 1062 3170 aommbsret
1075 3123 1162 3170 uano

167 3192 297 3286 praeter
315 3189 422 3290 ipsum
446 3193 480 3254 et
501 3192 742 3291 praetextatum
763 3189 868 3256 illium
884 3189 1064 3276 ([tam]etsi
1085 3195 1161 3258 reete

167 3281 452 3447 :altstidi
470 3277 870 3448 mamili
885 3284 1190 3434 ihaaiffdtii'

166 3443 275 3506 clides
308 3445 536 3533 adhibebatur,
568 3449 720 3517 muliares
752 3459 862 3519 auten
893 3461 1016 3540 nuptas
1045 3457 1160 3524 mbila
