2402 3936
187 167 253 234 246
487 165 527 220 nr
546 165 575 219 o.
589 164 742 220 vanarn
760 163 838 220 Aer.
857 164 892 220 11.

188 317 221 378 et
243 310 388 397 pretiosa
410 309 609 376 auferuntur.
649 307 836 376 Herodotus
857 307 979 377 Romae
999 311 1085 392 erat3
1107 309 1172 372 estis

186 400 326 486 putabat
355 421 389 464 se
417 399 458 464 ad
485 398 618 466 comitio
644 401 792 482 tempore
818 400 1005 481 venturum,
1036 397 1065 466 si
1089 395 1182 482 pridie}

187 489 339 560 venisset.
379 485 458 571 Iste,
483 507 526 550 ne
548 489 606 551 aut
628 485 693 573 olio
716 505 841 569 mense,
863 507 901 553 ac
922 483 973 553 irs
997 489 1077 570 orat,
1097 485 1182 566 coni-N

182 579 237 646 'tio
263 577 461 645 haberentur
488 577 545 640 aut
567 572 736 640 Herodoto
763 573 928 658 praesenti
948 573 1056 641 honos
1078 573 1182 638 adimo

188 670 279 734 retur
297 663 344 748 (id
362 663 448 748 quod
466 662 529 734 iste
551 683 618 728 non
639 661 821 746 laborabat,
843 659 1042 731 Climachias
1064 661 1176 730 minime

188 748 345 838 volebat),
373 750 538 837 excogitat
565 749 646 836 (dixi
672 750 738 817 iem
766 749 900 834 dudum,
925 772 993 816 non
1021 753 1072 817 est
1096 749 1176 814 homo

188 841 314 909 acutior
337 840 509 924 quisquam
530 861 590 905 nec
610 837 702 924 fuit),
730 839 908 925 excogitat,
931 839 1081 924 inquam,
1101 859 1176 922 quen

189 931 230 996 ad
262 928 395 996 modum
425 949 536 994 mense
566 927 625 993 illo
656 926 805 1014 legitimo
837 927 969 994 comitia
1000 928 1176 994 haberentur

138 1035 188 1095 ire
206 1040 265 1084 nec
287 1022 399 1092 tamen
415 1016 600 1083 Herodotus
621 1015 734 1081 adesse
756 1019 876 1098 posset.
911 1015 977 1082 Est
999 1013 1176 1082 consuetudo

189 1107 371 1174 Siculorum
398 1108 642 1188 ceterorumque
669 1102 880 1187 Graecorum,
911 1104 1000 1188 quod
1028 1124 1102 1172 suos
1125 1102 1176 1168 dios

189 1215 379 1280 mensesque
407 1213 584 1280 congruere
609 1193 725 1258 volunt
751 1213 826 1260 curn
852 1193 932 1261 sciis
960 1193 1119 1277 lunaeque
1141 1211 1176 1254 rc·

189 1284 291 1369 tione,
318 1286 448 1349 utnon
473 1303 663 1365 numquam,
690 1280 719 1346 si
746 1280 825 1364 quid
850 1281 1029 1366 discrepet,
1057 1281 1176 1349 eximunt

189 1394 290 1438 unum
318 1371 459 1454 aliquem
485 1369 570 1436 diem
593 1372 651 1436 aut
674 1390 837 1438 summum
858 1369 994 1438 biduum
1019 1391 1065 1436 ero
1081 1387 1176 1448 meum,

190 1481 271 1544 quos
289 1459 341 1526 illi
359 1457 598 1525 exhaercsimos
617 1457 684 1524 dies
707 1457 892 1542 nominant3
914 1458 995 1527 item
1019 1479 1087 1524 non
1105 1476 1175 1522 nun·

189 1569 288 1632 quam
314 1567 381 1616 unu
406 1545 458 1612 die
485 1545 667 1631 longiorem
695 1565 840 1615 mensem
861 1545 986 1615 faciunt
1010 1550 1071 1614 aut
1090 1544 1176 1610 biduo.

189 1633 278 1710 Quae
304 1655 376 1706 cum
403 1633 466 1698 iste
494 1638 666 1720 cognosset
691 1655 794 1703 novus
823 1635 1028 1721 astrologus,
1056 1634 1108 1719 qai
1126 1651 1175 1696 nor

189 1728 260 1790 tem
273 1722 356 1790 caeli
369 1722 530 1788 rationem
544 1744 643 1807 quam
657 1723 774 1791 caelati
792 1723 921 1808 argenti
940 1723 1083 1807 duceret,
1100 1717 1176 1786 eximi

188 1813 280 1880 iubet
307 1833 373 1878 non
400 1810 485 1878 diem
512 1832 551 1876 ex
578 1832 701 1894 mense,
729 1809 785 1879 sed
810 1832 848 1876 ex
871 1832 956 1876 anno
979 1834 1082 1878 unum
1104 1805 1173 1874 dini·

189 1901 377 1984 dictumque
396 1920 539 1966 mensem
557 1899 619 1964 hoc
637 1899 743 1982 modo,
765 1902 813 1982 ut,
835 1921 898 1982 quc
919 1899 970 1965 die
988 1900 1083 1967 verbi
1099 1915 1175 1963 cause

188 1985 902 2159 ttttttttitullttttihttut
920 1984 1173 2142 {illidii

189 2163 336 2229 sentibus
355 2165 389 2226 et
407 2160 621 2242 plorantibus.
662 2161 742 2231 Dies
761 2163 790 2229 is
814 2167 884 2228 erat
906 2163 1078 2249 legitimus
1099 2158 1173 2229 ooni-

188 2249 244 2318 tiis
272 2247 438 2314 habendis.
484 2247 536 2314 Eo
560 2249 657 2314 modo
686 2251 835 2338 sacerdos
858 2249 1058 2320 Climachias
1082 2269 1173 2316 renuu-

137 2350 187 2401 1eo
205 2337 307 2405 tiatus
330 2339 388 2401 est.
429 2333 615 2404 Herodotus
638 2359 711 2404 oum
733 2338 840 2407 Roma
861 2340 1052 2425 revertitur,
1074 2338 1172 2414 diebus,

187 2425 308 2510 etipse
321 2425 470 2509 putabat,
487 2443 535 2492 xv
549 2429 626 2494 ante
636 2427 780 2510 comitia,
799 2427 1022 2497 arcadicum
1041 2445 1172 2502 mansell

188 2514 244 2598 qui
258 2513 465 2598 consequitur
478 2535 623 2584 mensem
637 2515 844 2600 comitialem,
862 2516 1004 2584 comitiis
1022 2519 1090 2584 iam
1101 2515 1122 2597 †
1133 2511 1172 2577 ab

186 2602 263 2672 hino
282 2602 394 2671 diebus
413 2619 486 2668 xxx
509 2602 614 2669 factis.
654 2602 737 2671 Tum
755 2601 1026 2688 Cephaloeditani
1048 2601 1172 2672 fecerunt

186 2690 430 2762 intercalarium
459 2708 555 2758 xxxv
583 2691 655 2758 dies
677 2691 826 2778 longum,
857 2695 894 2760 ut
920 2693 1040 2778 reliqui
1067 2707 1172 2760 menses

186 2779 221 2844 in
244 2801 337 2852 suom
359 2778 520 2848 rationem
542 2783 789 2848 reverterentur.
830 2779 902 2848 Hoc
925 2782 954 2847 si
977 2781 1098 2850 Romee
1118 2773 1171 2842 fieri

185 2871 310 2952 posset,
337 2871 423 2934 certa
449 2868 558 2952 aliqua
580 2868 707 2936 ratione
729 2873 947 2954 expugnasset
969 2869 1043 2955 iste,
1065 2873 1100 2936 ut
1120 2865 1171 2930 dier

186 2971 284 3024 xxxv
312 2955 399 3026 inter
426 2955 520 3022 binos
547 2955 642 3023 ludos
668 2957 877 3042 tollerentur,
907 2979 966 3041 per
994 2979 1075 3042 quos
1101 2953 1171 3020 solos

132 3042 340 3164 53iudicium
362 3043 434 3108 fieri
456 3047 576 3128 posset.

134 3174 185 3225 1³1
252 3129 323 3199 Iam
346 3153 423 3198 vero
446 3153 595 3198 censores
618 3153 714 3216 quem
737 3133 778 3201 ad
801 3131 932 3201 modum
954 3134 1020 3200 isto
1042 3134 1172 3219 praetore

186 3216 221 3285 in
244 3215 355 3285 Sicilie
382 3219 483 3287 creati
506 3219 585 3302 rint,
613 3241 730 3304 operae
752 3221 893 3305 pretium
916 3225 967 3288 est
987 3235 1170 3309 cognoscere·

105 3325 106 3328 ¹
185 3303 257 3403 Illo·
275 3304 361 3370 enim
388 3310 438 3370 est
465 3307 678 3394 magistratus
700 3309 786 3392 apud
808 3306 948 3393 Siculos,
974 3310 1032 3394 qui
1054 3309 1170 3392 diliger

185 3391 312 3454 tresrme
348 3393 521 3460 mandatur
557 3417 578 3460 a
611 3396 733 3480 populo
769 3401 904 3482 propter
934 3397 1019 3464 hauc
1050 3412 1182 3480 mossur

185 3473 271 3555 quod
304 3495 415 3542 omnes
444 3477 545 3546 Siculi
574 3503 613 3548 ex
639 3505 737 3550 censu
764 3485 939 3568 quotannis
964 3486 1088 3552 tribute
1112 3499 1182 3576 oon-3
