2386 3938
154 169 219 234 152
453 166 493 222 IN
512 167 541 223 0.
555 165 710 222 VERREM
728 165 809 221 AC'l'.
826 165 862 222 11.

151 315 296 397 licerent,
312 333 366 398 nc,
382 332 479 397 quem
493 331 589 378 nemo
607 310 714 396 prima
732 310 860 376 actions
878 309 1046 377 defendere
1063 332 1153 376 ausus

153 406 250 485 esset,
271 423 346 468 enm
364 421 427 486 ego
448 399 499 465 bis
523 420 673 466 accusare
694 419 762 464 non
783 419 923 484 possam.
958 398 1030 485 ligo
1054 420 1155 464 meum

153 490 325 558 consilium
339 511 413 555 cum
425 487 594 572 iudicibus,
616 489 687 552 tum
704 487 827 572 populo
841 485 990 552 Romo
1010 488 1155 572 probem

152 601 249 646 nemo
267 583 327 662 est,
349 577 405 661 qui
423 576 490 642 alia
511 575 638 642 ratione
660 574 800 640 istorum
821 575 959 640 iniuriae
982 578 1082 659 atque
1103 576 1156 640 im-

22 739 28 755 !
152 667 327 753 pudentiae
362 663 510 749 potuisse
544 663 660 729 obsisti
696 663 881 729 arbitretur.
931 663 1067 730 Etenim
1101 683 1178 748 qnos

155 754 298 821 stultitia
314 752 459 836 fuissem,
477 752 515 835 si,
534 773 632 836 quam
650 750 745 835 diem,
769 752 824 835 qui
842 751 943 816 istum
962 752 1158 837 eripiendum

153 844 373 924 redemerunt,
398 840 435 905 in
460 840 610 906 cautione
636 839 801 924 viderunt,
828 862 901 905 oum
924 839 976 906 ito
997 843 1157 906 carerent:

154 930 200 995 ‘si
225 933 302 1015 post
329 927 495 994 Kalendas
520 927 589 994 lam
611 926 647 992 in
672 928 845 994 consilium
871 927 1002 1013 iretnr'‚
1030 929 1069 994 in
1094 950 1158 992 eam

99 1027 135 1078 32
154 1018 239 1084 diem
267 1039 342 1105 ego,
368 1039 442 1083 cum
467 1017 648 1102 potuissem
672 1016 790 1102 vitare,
816 1016 1026 1082 incidissem?
1071 1015 1158 1081 Nunc

154 1107 236 1173 mihi
265 1106 425 1192 temporis
455 1106 538 1190 eius,
570 1105 657 1189 qnod
684 1105 766 1169 mihi
793 1105 834 1170 ed
860 1105 1035 1170 dicendum
1062 1105 1182 1188 datur‚1

154 1195 309 1280 quonism
335 1195 371 1262 in
396 1194 505 1260 animo
529 1197 583 1258 est
601 1213 732 1260 causam
756 1213 884 1259 omnem
907 1215 1086 1279 exponere,
1110 1193 1158 1258 ho

154 1284 261 1348 benda
281 1283 369 1348 ratio
392 1287 444 1347 est
465 1281 649 1368 diligenter.

101 1365 145 1429 12
221 1371 337 1455 Itaque
362 1371 506 1455 primum
531 1371 627 1436 illum
653 1371 763 1435 adam
786 1368 883 1434 istius
904 1369 992 1434 vitae
1016 1369 1159 1456 turpissi-

154 1481 244 1526 mum
267 1463 301 1523 et
322 1457 619 1542 flagitiosissimum
643 1457 914 1544 praetermittam.
950 1457 1049 1524 Nihil
1072 1481 1093 1524 a
1114 1478 1158 1522 mc

154 1547 194 1610 de
224 1545 383 1630 pueritiae
414 1566 494 1610 suae
520 1545 656 1632 dngitiis
686 1545 807 1630 audiet,
838 1545 923 1610 nihil
949 1567 990 1612 ex
1017 1547 1082 1612 illa
1105 1547 1179 1610 im·

153 1655 236 1719 puro
259 1632 479 1699 adulescentia
502 1654 575 1720 ma3
602 1657 684 1719 quae
707 1633 813 1718 quahs
835 1633 949 1718 nafis,
972 1639 1035 1700 aut
1056 1635 1159 1700 menni

153 1722 253 1788 aistis
279 1725 338 1787 sut
361 1742 401 1787 ex
424 1742 476 1807 eu,
503 1743 600 1805 quem
623 1723 675 1786 sui
696 1722 899 1786 simillimum
920 1721 1092 1807 produxit,
1116 1743 1159 1786 rc·

155 1831 349 1897 cognoscere
384 1809 533 1895 potestis.
583 1809 701 1876 Omnis
732 1809 931 1894 praeteribo,
968 1832 1054 1895 quac
1086 1810 1160 1876 mihi

153 1900 265 1985 turpia
295 1899 383 1964 dictu
418 1899 626 1976 videbtmtnr,
661 1919 766 1982 nequo
798 1898 917 1982 solunt,
954 1899 1035 1982 quid
1064 1900 1160 1964 istum

154 1987 274 2072 audire,
296 2008 409 2052 vorum
432 1987 545 2070 etiam,
573 1986 652 2070 quid
671 1991 724 2050 m'e
747 1986 859 2051 deceat
881 1985 1000 2070 dicore,
1023 1987 1159 2053 conside

154 2075 244 2138 rabo.
279 2073 358 2158 Vos,
381 2096 512 2157 quaeso,
535 2074 610 2140 dote
627 2074 690 2140 hoc
708 2078 744 2139 et
760 2073 924 2139 concedite
942 2075 1064 2159 pudori
1085 2097 1160 2157 meo,

154 2165 192 2233 ut
209 2161 354 2243 aliquam
375 2164 504 2245 partem
527 2162 568 2226 de
588 2161 688 2226 istius
706 2161 909 2246 impudentia
929 2163 1069 2229 reticere
1091 2185 1159 2249 pos·

101 2253 137 2304 33
157 2247 227 2312 sim.
272 2247 374 2312 Omne
398 2248 482 2312 illud
509 2253 650 2335 tompus,
682 2251 769 2334 quod
794 2248 871 2334 fuit,
898 2254 1078 2335 autequam
1103 2253 1160 2316 iste

155 2335 196 2400 ad
217 2336 436 2420 magistratus
453 2358 586 2422 remque
607 2337 771 2423 publicam
795 2339 940 2422 accessit,
962 2338 1087 2406 habeat
1107 2359 1161 2425 per

154 2444 207 2488 me
239 2423 381 2488 solutum
413 2446 452 2490 uc
481 2425 636 2509 liberum3
667 2425 803 2490 sileatur
832 2427 871 2490 de
897 2429 1069 2492 nocturnis
1097 2429 1159 2492 eius
1172 2450 1180 2469 ³

154 2510 421 2578 bacchationibus
449 2535 489 2578 ao
513 2513 651 2598 vigiliis,
677 2514 844 2597 lenonum,
871 2515 1069 2600 aleatorum,
1096 2536 1160 2600 per·

155 2599 326 2666 ductorum
342 2601 436 2666 nullo
453 2601 575 2666 mentio
594 2601 661 2684 fiat,
680 2601 808 2686 damna,
826 2601 992 2687 dedecoro,
1011 2624 1096 2687 quac
1112 2623 1159 2666 res

153 2689 261 2773 patris
273 2689 351 2773 eius,
364 2693 455 2754 aetas
469 2689 574 2774 ipsius
585 2690 731 2774 pertulit,
746 2693 1002 2775 praetereantur,
1020 2691 1161 2757 lucretm
1182 2757 1183 2794 1

152 2777 272 2844 indicia
289 2777 412 2842 veteris
426 2777 590 2861 infamiae,
611 2778 756 2862 patiatur
778 2778 848 2843 eius
869 2779 940 2845 rita
961 2779 1090 2864 reliqua
1112 2799 1160 2844 me

99 2865 135 2916 34
153 2863 237 2931 hanc
257 2869 386 2930 tantam
403 2866 563 2931 iacturam
581 2865 752 2931 criminum
773 2865 889 2931 facore.
926 2865 1091 2942 Quaestor
1107 2865 1160 2932 (ln

151 2946 284 3037 Papirio
317 2954 450 3019 consule
479 2952 573 3018 finisti
605 2953 724 3020 abhinc
755 2975 858 3020 annos
894 2955 1159 3039 quattuordecim

151 3037 202 3103 Ex
234 3061 273 3105 oa
304 3040 356 3106 die
388 3041 430 3107 sd
459 3041 544 3106 hanc
575 3040 661 3106 diem
688 3064 771 3126 quas
796 3042 918 3127 inusti,
947 3043 985 3106 in
1009 3043 1183 3110 iudicium,

151 3131 247 3208 rocd;
274 3127 357 3192 hora
382 3129 477 3194 nulla
502 3149 607 3195 vacua
627 3153 649 3194 a
668 3129 773 3214 furto,
800 3131 934 3215 scelere,
961 3131 1159 3213 crudelitate,

151 3212 280 3298 flagitio
302 3217 491 3300 reperietur.
535 3215 581 3280 Hi
605 3222 682 3282 sunt
703 3219 780 3284 anni
803 3219 989 3304 consumpti
1010 3219 1048 3284 in
1070 3239 1158 3304 quae
1182 3269 1183 3280 ,

152 3303 244 3362 stura
263 3304 297 3364 et
314 3300 479 3386 legatione
489 3303 636 3369 Asiatico
652 3309 689 3369 et
705 3309 860 3390 praetura
877 3307 1003 3372 urbana
1022 3311 1056 3372 et
1073 3283 1183 3393 praet

151 3388 227 3447 tura
250 3383 418 3451 Siciliensi.
463 3388 569 3465 Quare
596 3392 677 3457 haec
705 3393 817 3458 eadem
840 3394 903 3459 erit
926 3394 1159 3481 quadripertita
1182 3389 1183 3396 '

152 3469 340 3536 distributio
362 3473 467 3538 totius
489 3479 704 3544 accusationis
727 3502 826 3547 meae.
