<?xml version="1.0" encoding="UTF-8"?>
<!DOCTYPE html PUBLIC "-//W3C//DTD XHTML 1.0 Transitional//EN"
    "http://www.w3.org/TR/xhtml1/DTD/xhtml1-transitional.dtd">
<html xmlns="http://www.w3.org/1999/xhtml" xml:lang="en" lang="en">
 <head>
  <title>
</title>
<meta http-equiv="Content-Type" content="text/html;charset=utf-8" />
  <meta name='ocr-system' content='tesseract 3.04.00' />
  <meta name='ocr-capabilities' content='ocr_page ocr_carea ocr_par ocr_line ocrx_word'/>
</head>
<body>
  <div class='ocr_page' id='page_1' title='image "./mtulliiciceroni02mlgoog/mtulliiciceroni02mlgoog_0585.png"; bbox 0 0 2470 3936; ppageno 0'>
   <div class='ocr_carea' id='block_1_1' title="bbox 162 155 872 230">
    <p class='ocr_par' dir='ltr' id='par_1_1' title="bbox 162 155 872 230">
     <span class='ocr_line' id='line_1_1' title="bbox 162 155 872 230; baseline -0.028 -1"><span class='ocrx_word' id='word_1_1' title='bbox 162 165 228 230; x_wconf 83' lang='grc'><strong>476</strong></span> <span class='ocrx_word' id='word_1_2' title='bbox 469 159 508 214; x_wconf 84' lang='lat' dir='ltr'><strong>IN</strong></span> <span class='ocrx_word' id='word_1_3' title='bbox 528 159 556 214; x_wconf 79' lang='grc' dir='ltr'><strong>Ο.</strong></span> <span class='ocrx_word' id='word_1_4' title='bbox 570 155 724 213; x_wconf 71' lang='lat' dir='ltr'>VERREM</span> <span class='ocrx_word' id='word_1_5' title='bbox 741 155 820 211; x_wconf 75' lang='lat' dir='ltr'><strong>Aer.</strong></span> <span class='ocrx_word' id='word_1_6' title='bbox 839 157 872 210; x_wconf 90' lang='lat'><strong>11.</strong></span> 
     </span>
    </p>
   </div>
   <div class='ocr_carea' id='block_1_2' title="bbox 121 297 1234 3381">
    <p class='ocr_par' dir='ltr' id='par_1_2' title="bbox 121 297 1234 3381">
     <span class='ocr_line' id='line_1_2' title="bbox 162 297 1163 387; baseline -0.014 -12"><span class='ocrx_word' id='word_1_7' title='bbox 162 314 253 375; x_wconf 77' lang='lat' dir='ltr'><strong>veste</strong></span> <span class='ocrx_word' id='word_1_8' title='bbox 272 308 370 373; x_wconf 88' lang='lat' dir='ltr'><strong>domu</strong></span> <span class='ocrx_word' id='word_1_9' title='bbox 389 327 447 371; x_wconf 85' lang='lat' dir='ltr'><strong>sue</strong></span> <span class='ocrx_word' id='word_1_10' title='bbox 468 308 541 370; x_wconf 76' lang='lat' dir='ltr'><strong>iola</strong></span> <span class='ocrx_word' id='word_1_11' title='bbox 563 302 708 387; x_wconf 77' lang='lat' dir='ltr'><strong>expilata</strong></span> <span class='ocrx_word' id='word_1_12' title='bbox 729 299 929 365; x_wconf 76' lang='lat' dir='ltr'><strong>mentionem</strong></span> <span class='ocrx_word' id='word_1_13' title='bbox 953 304 1080 364; x_wconf 80' lang='lat' dir='ltr'><strong>tuorum</strong></span> <span class='ocrx_word' id='word_1_14' title='bbox 1099 297 1163 362; x_wconf 83' lang='lat' dir='ltr'><strong>iur-</strong></span> 
     </span>
     <span class='ocr_line' id='line_1_3' title="bbox 163 386 1164 477; baseline -0.013 -14"><span class='ocrx_word' id='word_1_15' title='bbox 163 404 273 463; x_wconf 75' lang='lat' dir='ltr'><strong>iorum</strong></span> <span class='ocrx_word' id='word_1_16' title='bbox 305 417 371 461; x_wconf 88' lang='lat' dir='ltr'><strong>non</strong></span> <span class='ocrx_word' id='word_1_17' title='bbox 400 393 493 477; x_wconf 65' lang='lat' dir='ltr'><strong>facia</strong></span> <span class='ocrx_word' id='word_1_18' title='bbox 525 405 607 456; x_wconf 86' lang='lat' dir='ltr'><strong>sose·</strong></span> <span class='ocrx_word' id='word_1_19' title='bbox 625 390 734 475; x_wconf 82' lang='lat' dir='ltr'><strong>ipsum</strong></span> <span class='ocrx_word' id='word_1_20' title='bbox 767 389 825 454; x_wconf 84' lang='lat' dir='ltr'><strong>ebs</strong></span> <span class='ocrx_word' id='word_1_21' title='bbox 857 391 891 452; x_wconf 80' lang='lat' dir='ltr'><strong>te</strong></span> <span class='ocrx_word' id='word_1_22' title='bbox 922 387 1055 472; x_wconf 75' lang='lat' dir='ltr'><strong>repetii,</strong></span> <span class='ocrx_word' id='word_1_23' title='bbox 1085 386 1164 451; x_wconf 85' lang='lat' dir='ltr'>nihil</span> 
     </span>
     <span class='ocr_line' id='line_1_4' title="bbox 165 475 1166 570; baseline -0.014 -18"><span class='ocrx_word' id='word_1_24' title='bbox 165 485 318 570; x_wconf 80' lang='lat' dir='ltr'><strong>amplius3</strong></span> <span class='ocrx_word' id='word_1_25' title='bbox 346 486 453 549; x_wconf 73' lang='lat' dir='ltr'><strong>tolum</strong></span> <span class='ocrx_word' id='word_1_26' title='bbox 479 480 565 546; x_wconf 90' lang='lat' dir='ltr'><strong>enim</strong></span> <span class='ocrx_word' id='word_1_27' title='bbox 592 483 650 544; x_wconf 79' lang='lat' dir='ltr'><strong>tua</strong></span> <span class='ocrx_word' id='word_1_28' title='bbox 676 475 811 541; x_wconf 82' lang='lat' dir='ltr'><strong>libidine</strong></span> <span class='ocrx_word' id='word_1_29' title='bbox 839 480 873 541; x_wconf 76' lang='lat' dir='ltr'><strong>et</strong></span> <span class='ocrx_word' id='word_1_30' title='bbox 900 476 1020 541; x_wconf 84' lang='lat' dir='ltr'><strong>scelere</strong></span> <span class='ocrx_word' id='word_1_31' title='bbox 1047 497 1085 540; x_wconf 88' lang='lat' dir='ltr'><strong>ex</strong></span> <span class='ocrx_word' id='word_1_32' title='bbox 1110 496 1166 539; x_wconf 87' lang='lat' dir='ltr'><strong>sua</strong></span> 
     </span>
     <span class='ocr_line' id='line_1_5' title="bbox 165 563 1167 660; baseline -0.013 -21"><span class='ocrx_word' id='word_1_33' title='bbox 165 574 282 660; x_wconf 73' lang='lat' dir='ltr'><strong>patria,</strong></span> <span class='ocrx_word' id='word_1_34' title='bbox 304 572 339 637; x_wconf 90' lang='lat' dir='ltr'><strong>in</strong></span> <span class='ocrx_word' id='word_1_35' title='bbox 358 593 422 657; x_wconf 85' lang='lat' dir='ltr'><strong>qua</strong></span> <span class='ocrx_word' id='word_1_36' title='bbox 439 569 552 635; x_wconf 77' lang='lat' dir='ltr'><strong>mullis</strong></span> <span class='ocrx_word' id='word_1_37' title='bbox 575 564 752 632; x_wconf 67' lang='lat' dir='ltr'><strong>virtutibus</strong></span> <span class='ocrx_word' id='word_1_38' title='bbox 776 586 813 630; x_wconf 89' lang='lat' dir='ltr'><strong>ac</strong></span> <span class='ocrx_word' id='word_1_39' title='bbox 835 563 1000 629; x_wconf 84' lang='lat' dir='ltr'><strong>beneficiis</strong></span> <span class='ocrx_word' id='word_1_40' title='bbox 1023 563 1167 648; x_wconf 87' lang='lat' dir='ltr'><strong>princeps</strong></span> 
     </span>
     <span class='ocr_line' id='line_1_6' title="bbox 165 652 1195 748; baseline -0.015 -21"><span class='ocrx_word' id='word_1_41' title='bbox 165 663 242 748; x_wconf 74' lang='lat' dir='ltr'><strong>fuit,</strong></span> <span class='ocrx_word' id='word_1_42' title='bbox 274 658 445 726; x_wconf 73' lang='lat' dir='ltr'><strong>sustulisti.</strong></span> <span class='ocrx_word' id='word_1_43' title='bbox 493 657 585 722; x_wconf 83' lang='lat' dir='ltr'>Dexo</span> <span class='ocrx_word' id='word_1_44' title='bbox 611 653 677 737; x_wconf 89' lang='lat' dir='ltr'><strong>hic,</strong></span> <span class='ocrx_word' id='word_1_45' title='bbox 711 674 807 736; x_wconf 88' lang='lat' dir='ltr'><strong>quem</strong></span> <span class='ocrx_word' id='word_1_46' title='bbox 834 652 966 735; x_wconf 75' lang='lat' dir='ltr'><strong>vidctis,</strong></span> <span class='ocrx_word' id='word_1_47' title='bbox 994 672 1062 716; x_wconf 90' lang='lat' dir='ltr'><strong>non</strong></span> <span class='ocrx_word' id='word_1_48' title='bbox 1091 669 1195 736; x_wconf 76' lang='lat' dir='ltr'><strong>quaec</strong></span> 
     </span>
     <span class='ocr_line' id='line_1_7' title="bbox 166 738 1170 835; baseline -0.014 -19"><span class='ocrx_word' id='word_1_49' title='bbox 166 749 296 835; x_wconf 89' lang='lat' dir='ltr'><strong>publice</strong></span> <span class='ocrx_word' id='word_1_50' title='bbox 318 745 513 832; x_wconf 76' lang='lat' dir='ltr'><strong>Tyndaride,</strong></span> <span class='ocrx_word' id='word_1_51' title='bbox 539 764 606 809; x_wconf 88' lang='lat' dir='ltr'><strong>non</strong></span> <span class='ocrx_word' id='word_1_52' title='bbox 633 763 716 826; x_wconf 87' lang='lat' dir='ltr'><strong>quac</strong></span> <span class='ocrx_word' id='word_1_53' title='bbox 743 740 897 826; x_wconf 75' lang='lat' dir='ltr'><strong>privatim</strong></span> <span class='ocrx_word' id='word_1_54' title='bbox 926 739 990 804; x_wconf 85' lang='lat' dir='ltr'><strong>sibi</strong></span> <span class='ocrx_word' id='word_1_55' title='bbox 1018 738 1170 824; x_wconf 80' lang='lat' dir='ltr'><strong>eripuisti,</strong></span> 
     </span>
     <span class='ocr_line' id='line_1_8' title="bbox 168 828 1234 912; baseline -0.011 -8"><span class='ocrx_word' id='word_1_56' title='bbox 168 839 224 904; x_wconf 88' lang='lat' dir='ltr'><strong>sed</strong></span> <span class='ocrx_word' id='word_1_57' title='bbox 241 837 370 902; x_wconf 89' lang='lat' dir='ltr'><strong>unicum</strong></span> <span class='ocrx_word' id='word_1_58' title='bbox 394 834 493 899; x_wconf 81' lang='lat' dir='ltr'><strong>miser</strong></span> <span class='ocrx_word' id='word_1_59' title='bbox 515 831 575 896; x_wconf 85' lang='lat' dir='ltr'><strong>abs</strong></span> <span class='ocrx_word' id='word_1_60' title='bbox 597 834 630 895; x_wconf 78' lang='lat' dir='ltr'><strong>ie</strong></span> <span class='ocrx_word' id='word_1_61' title='bbox 653 829 758 894; x_wconf 90' lang='lat' dir='ltr'><strong>filium</strong></span> <span class='ocrx_word' id='word_1_62' title='bbox 781 828 941 912; x_wconf 74' lang='lat' dir='ltr'><strong>optimum</strong></span> <span class='ocrx_word' id='word_1_63' title='bbox 966 831 1065 912; x_wconf 73' lang='lat' dir='ltr'><strong>atque</strong></span> <span class='ocrx_word' id='word_1_64' title='bbox 1087 828 1171 893; x_wconf 69' lang='lat' dir='ltr'><strong>inne</strong></span> <span class='ocrx_word' id='word_1_65' title='bbox 1233 849 1234 856; x_wconf 51' lang='lat'>¹</span> 
     </span>
     <span class='ocr_line' id='line_1_9' title="bbox 167 915 1172 1018; baseline -0.013 -24"><span class='ocrx_word' id='word_1_66' title='bbox 167 925 390 994; x_wconf 74' lang='lat' dir='ltr'><strong>confissimum</strong></span> <span class='ocrx_word' id='word_1_67' title='bbox 421 921 565 1007; x_wconf 80' lang='lat' dir='ltr'><strong>flagilal3</strong></span> <span class='ocrx_word' id='word_1_68' title='bbox 596 938 662 983; x_wconf 92' lang='lat' dir='ltr'><strong>non</strong></span> <span class='ocrx_word' id='word_1_69' title='bbox 692 937 731 982; x_wconf 86' lang='lat' dir='ltr'><strong>ex</strong></span> <span class='ocrx_word' id='word_1_70' title='bbox 758 916 871 1018; x_wconf 74' lang='lat' dir='ltr'><strong>litibus</strong></span> <span class='ocrx_word' id='word_1_71' title='bbox 899 915 1084 982; x_wconf 75' lang='lat' dir='ltr'><strong>aestimatis</strong></span> <span class='ocrx_word' id='word_1_72' title='bbox 1109 916 1172 981; x_wconf 79' lang='lat' dir='ltr'><strong>luis</strong></span> 
     </span>
     <span class='ocr_line' id='line_1_10' title="bbox 168 1005 1213 1177; baseline -0.02 -7"><span class='ocrx_word' id='word_1_73' title='bbox 168 1007 725 1170; x_wconf 53' lang='lat' dir='ltr'><strong>{nnlnlnlndllzlll</strong></span> <span class='ocrx_word' id='word_1_74' title='bbox 744 1005 1175 1177; x_wconf 49' lang='lat' dir='ltr'><strong>diffinierit</strong></span> <span class='ocrx_word' id='word_1_75' title='bbox 1189 1111 1213 1150; x_wconf 52' lang='grc' dir='ltr'><strong>,ο</strong></span> 
     </span>
     <span class='ocr_line' id='line_1_11' title="bbox 169 1181 1177 1278; baseline -0.012 -21"><span class='ocrx_word' id='word_1_76' title='bbox 169 1195 239 1257; x_wconf 80' lang='lat' dir='ltr'><strong>iam</strong></span> <span class='ocrx_word' id='word_1_77' title='bbox 259 1189 391 1278; x_wconf 81' lang='lat' dir='ltr'><strong>grandis</strong></span> <span class='ocrx_word' id='word_1_78' title='bbox 412 1191 493 1252; x_wconf 74' lang='lat' dir='ltr'><strong>netu</strong></span> <span class='ocrx_word' id='word_1_79' title='bbox 510 1182 675 1250; x_wconf 79' lang='lat' dir='ltr'><strong>Eubulida</strong></span> <span class='ocrx_word' id='word_1_80' title='bbox 696 1181 759 1247; x_wconf 90' lang='lat' dir='ltr'><strong>hoo</strong></span> <span class='ocrx_word' id='word_1_81' title='bbox 781 1185 910 1246; x_wconf 74' lang='lat' dir='ltr'><strong>tautum</strong></span> <span class='ocrx_word' id='word_1_82' title='bbox 934 1185 1050 1246; x_wconf 74' lang='lat' dir='ltr'><strong>exacta</strong></span> <span class='ocrx_word' id='word_1_83' title='bbox 1072 1185 1177 1246; x_wconf 75' lang='lat' dir='ltr'><strong>aelate</strong></span> 
     </span>
     <span class='ocr_line' id='line_1_12' title="bbox 170 1267 1234 1358; baseline -0.011 -13"><span class='ocrx_word' id='word_1_84' title='bbox 170 1279 295 1345; x_wconf 85' lang='lat' dir='ltr'><strong>laboris</strong></span> <span class='ocrx_word' id='word_1_85' title='bbox 326 1275 516 1358; x_wconf 80' lang='lat' dir='ltr'><strong>itinerisque</strong></span> <span class='ocrx_word' id='word_1_86' title='bbox 548 1271 704 1356; x_wconf 71' lang='lat' dir='ltr'><strong>suscepit,</strong></span> <span class='ocrx_word' id='word_1_87' title='bbox 734 1289 802 1334; x_wconf 89' lang='lat' dir='ltr'><strong>non</strong></span> <span class='ocrx_word' id='word_1_88' title='bbox 828 1272 866 1334; x_wconf 77' lang='lat' dir='ltr'><strong>ul</strong></span> <span class='ocrx_word' id='word_1_89' title='bbox 893 1267 1019 1352; x_wconf 88' lang='lat' dir='ltr'><strong>aliquid</strong></span> <span class='ocrx_word' id='word_1_90' title='bbox 1046 1268 1086 1334; x_wconf 92' lang='lat' dir='ltr'><strong>de</strong></span> <span class='ocrx_word' id='word_1_91' title='bbox 1113 1269 1177 1334; x_wconf 83' lang='lat' dir='ltr'><strong>suis</strong></span> <span class='ocrx_word' id='word_1_92' title='bbox 1233 1337 1234 1340; x_wconf 59' lang='grc'>,</span> 
     </span>
     <span class='ocr_line' id='line_1_13' title="bbox 171 1357 1234 1448; baseline -0.011 -15"><span class='ocrx_word' id='word_1_93' title='bbox 171 1368 267 1433; x_wconf 85' lang='lat' dir='ltr'><strong>bonis</strong></span> <span class='ocrx_word' id='word_1_94' title='bbox 285 1367 500 1448; x_wconf 79' lang='lat' dir='ltr'><strong>recuperaret,</strong></span> <span class='ocrx_word' id='word_1_95' title='bbox 523 1361 580 1426; x_wconf 85' lang='lat' dir='ltr'><strong>sed</strong></span> <span class='ocrx_word' id='word_1_96' title='bbox 602 1362 652 1442; x_wconf 78' lang='lat' dir='ltr'><strong>ul,</strong></span> <span class='ocrx_word' id='word_1_97' title='bbox 676 1357 792 1443; x_wconf 82' lang='lat' dir='ltr'><strong>quibus</strong></span> <span class='ocrx_word' id='word_1_98' title='bbox 815 1357 917 1422; x_wconf 87' lang='lat' dir='ltr'><strong>oculis</strong></span> <span class='ocrx_word' id='word_1_99' title='bbox 940 1361 1093 1422; x_wconf 73' lang='lat' dir='ltr'><strong>cruentas</strong></span> <span class='ocrx_word' id='word_1_100' title='bbox 1116 1379 1178 1422; x_wconf 89' lang='lat' dir='ltr'><strong>cer·</strong></span> <span class='ocrx_word' id='word_1_101' title='bbox 1233 1377 1234 1444; x_wconf 77' lang='lat' dir='ltr'><strong>j</strong></span> 
     </span>
     <span class='ocr_line' id='line_1_14' title="bbox 170 1445 1234 1534; baseline -0.009 -15"><span class='ocrx_word' id='word_1_102' title='bbox 170 1456 258 1520; x_wconf 86' lang='lat' dir='ltr'><strong>vices</strong></span> <span class='ocrx_word' id='word_1_103' title='bbox 276 1453 337 1518; x_wconf 90' lang='lat' dir='ltr'><strong>filii</strong></span> <span class='ocrx_word' id='word_1_104' title='bbox 360 1450 567 1534; x_wconf 73' lang='lat' dir='ltr'><strong>sciciderat,</strong></span> <span class='ocrx_word' id='word_1_105' title='bbox 589 1448 749 1512; x_wconf 78' lang='lat' dir='ltr'><strong>isdemte</strong></span> <span class='ocrx_word' id='word_1_106' title='bbox 772 1445 1024 1510; x_wconf 77' lang='lat' dir='ltr'><strong>condemnatum</strong></span> <span class='ocrx_word' id='word_1_107' title='bbox 1047 1445 1179 1510; x_wconf 75' lang='lat' dir='ltr'><strong>rideret.</strong></span> <span class='ocrx_word' id='word_1_108' title='bbox 1233 1453 1234 1526; x_wconf 71' lang='lat' dir='ltr'><strong>l</strong></span> 
     </span>
     <span class='ocr_line' id='line_1_15' title="bbox 121 1529 1234 1624; baseline -0.008 -18"><span class='ocrx_word' id='word_1_109' title='bbox 121 1554 171 1606; x_wconf 76' lang='lat'><strong>129</strong></span> <span class='ocrx_word' id='word_1_110' title='bbox 191 1539 225 1605; x_wconf 81' lang='lat' dir='ltr'><strong>si</strong></span> <span class='ocrx_word' id='word_1_111' title='bbox 254 1561 312 1624; x_wconf 89' lang='lat' dir='ltr'><strong>per</strong></span> <span class='ocrx_word' id='word_1_112' title='bbox 343 1539 379 1603; x_wconf 88' lang='lat' dir='ltr'><strong>L.</strong></span> <span class='ocrx_word' id='word_1_113' title='bbox 401 1537 571 1602; x_wconf 77' lang='lat' dir='ltr'><strong>Metellum</strong></span> <span class='ocrx_word' id='word_1_114' title='bbox 603 1535 729 1601; x_wconf 74' lang='lat' dir='ltr'><strong>licitum</strong></span> <span class='ocrx_word' id='word_1_115' title='bbox 761 1536 860 1617; x_wconf 77' lang='lat' dir='ltr'><strong>essai,</strong></span> <span class='ocrx_word' id='word_1_116' title='bbox 890 1533 1026 1618; x_wconf 88' lang='lat' dir='ltr'><strong>iudices,</strong></span> <span class='ocrx_word' id='word_1_117' title='bbox 1058 1537 1179 1599; x_wconf 75' lang='lat' dir='ltr'><strong>matres</strong></span> <span class='ocrx_word' id='word_1_118' title='bbox 1193 1529 1234 1592; x_wconf 82' lang='lat' dir='ltr'><strong>1⁵l</strong></span> 
     </span>
     <span class='ocr_line' id='line_1_16' title="bbox 171 1621 1181 1707; baseline -0.011 -12"><span class='ocrx_word' id='word_1_119' title='bbox 171 1630 304 1695; x_wconf 88' lang='lat' dir='ltr'><strong>illorum</strong></span> <span class='ocrx_word' id='word_1_120' title='bbox 322 1626 515 1691; x_wconf 85' lang='lat' dir='ltr'><strong>miserorum</strong></span> <span class='ocrx_word' id='word_1_121' title='bbox 533 1644 725 1707; x_wconf 86' lang='lat' dir='ltr'><strong>sororesque</strong></span> <span class='ocrx_word' id='word_1_122' title='bbox 742 1621 930 1706; x_wconf 77' lang='lat' dir='ltr'><strong>veniebanl3</strong></span> <span class='ocrx_word' id='word_1_123' title='bbox 950 1643 1089 1706; x_wconf 87' lang='lat' dir='ltr'><strong>quarum</strong></span> <span class='ocrx_word' id='word_1_124' title='bbox 1107 1644 1181 1706; x_wconf 84' lang='lat' dir='ltr'><strong>una,</strong></span> 
     </span>
     <span class='ocr_line' id='line_1_17' title="bbox 174 1709 1183 1803; baseline -0.01 -18"><span class='ocrx_word' id='word_1_125' title='bbox 174 1740 247 1786; x_wconf 89' lang='lat' dir='ltr'><strong>eum</strong></span> <span class='ocrx_word' id='word_1_126' title='bbox 274 1736 336 1803; x_wconf 81' lang='lat' dir='ltr'><strong>ego</strong></span> <span class='ocrx_word' id='word_1_127' title='bbox 362 1715 403 1781; x_wconf 90' lang='lat' dir='ltr'><strong>ad</strong></span> <span class='ocrx_word' id='word_1_128' title='bbox 425 1713 617 1779; x_wconf 77' lang='lat' dir='ltr'><strong>Heracleum</strong></span> <span class='ocrx_word' id='word_1_129' title='bbox 638 1714 738 1776; x_wconf 80' lang='lat' dir='ltr'><strong>noclu</strong></span> <span class='ocrx_word' id='word_1_130' title='bbox 760 1709 957 1795; x_wconf 75' lang='lat' dir='ltr'><strong>accederem,</strong></span> <span class='ocrx_word' id='word_1_131' title='bbox 985 1731 1060 1776; x_wconf 90' lang='lat' dir='ltr'><strong>cum</strong></span> <span class='ocrx_word' id='word_1_132' title='bbox 1082 1711 1183 1776; x_wconf 90' lang='lat' dir='ltr'><strong>omni-</strong></span> 
     </span>
     <span class='ocr_line' id='line_1_18' title="bbox 174 1797 1183 1873; baseline -0.011 0"><span class='ocrx_word' id='word_1_133' title='bbox 174 1809 235 1873; x_wconf 85' lang='lat' dir='ltr'><strong>bus</strong></span> <span class='ocrx_word' id='word_1_134' title='bbox 255 1802 413 1870; x_wconf 70' lang='lat' dir='ltr'><strong>metronia</strong></span> <span class='ocrx_word' id='word_1_135' title='bbox 432 1802 501 1867; x_wconf 89' lang='lat' dir='ltr'><strong>eius</strong></span> <span class='ocrx_word' id='word_1_136' title='bbox 519 1800 661 1866; x_wconf 72' lang='lat' dir='ltr'><strong>civitatis</strong></span> <span class='ocrx_word' id='word_1_137' title='bbox 679 1803 713 1863; x_wconf 83' lang='lat' dir='ltr'><strong>el</strong></span> <span class='ocrx_word' id='word_1_138' title='bbox 731 1821 805 1864; x_wconf 90' lang='lat' dir='ltr'><strong>cum</strong></span> <span class='ocrx_word' id='word_1_139' title='bbox 822 1798 936 1863; x_wconf 80' lang='lat' dir='ltr'><strong>mullis</strong></span> <span class='ocrx_word' id='word_1_140' title='bbox 954 1797 1082 1863; x_wconf 85' lang='lat' dir='ltr'><strong>facibus</strong></span> <span class='ocrx_word' id='word_1_141' title='bbox 1102 1799 1183 1863; x_wconf 89' lang='lat' dir='ltr'><strong>mihi</strong></span> 
     </span>
     <span class='ocr_line' id='line_1_19' title="bbox 174 1887 1184 1975; baseline -0.01 -14"><span class='ocrx_word' id='word_1_142' title='bbox 174 1895 304 1963; x_wconf 86' lang='lat' dir='ltr'><strong>obviem</strong></span> <span class='ocrx_word' id='word_1_143' title='bbox 330 1891 432 1975; x_wconf 79' lang='lat' dir='ltr'><strong>venii,</strong></span> <span class='ocrx_word' id='word_1_144' title='bbox 459 1893 493 1955; x_wconf 78' lang='lat' dir='ltr'><strong>ei</strong></span> <span class='ocrx_word' id='word_1_145' title='bbox 513 1889 562 1954; x_wconf 79' lang='lat' dir='ltr'><strong>iia</strong></span> <span class='ocrx_word' id='word_1_146' title='bbox 584 1909 636 1952; x_wconf 92' lang='lat' dir='ltr'><strong>me</strong></span> <span class='ocrx_word' id='word_1_147' title='bbox 659 1907 751 1952; x_wconf 86' lang='lat' dir='ltr'><strong>suam</strong></span> <span class='ocrx_word' id='word_1_148' title='bbox 775 1887 914 1952; x_wconf 82' lang='lat' dir='ltr'><strong>salutem</strong></span> <span class='ocrx_word' id='word_1_149' title='bbox 938 1887 1123 1972; x_wconf 86' lang='lat' dir='ltr'><strong>appellans,</strong></span> <span class='ocrx_word' id='word_1_150' title='bbox 1150 1891 1184 1951; x_wconf 74' lang='lat' dir='ltr'><strong>le</strong></span> 
     </span>
     <span class='ocr_line' id='line_1_20' title="bbox 177 1975 1220 2060; baseline -0.018 -10"><span class='ocrx_word' id='word_1_151' title='bbox 177 2005 270 2050; x_wconf 84' lang='lat' dir='ltr'><strong>suum</strong></span> <span class='ocrx_word' id='word_1_152' title='bbox 289 1979 471 2048; x_wconf 87' lang='lat' dir='ltr'><strong>carnificem</strong></span> <span class='ocrx_word' id='word_1_153' title='bbox 489 1977 670 2059; x_wconf 77' lang='lat' dir='ltr'><strong>nominans,</strong></span> <span class='ocrx_word' id='word_1_154' title='bbox 691 1975 752 2039; x_wconf 89' lang='lat' dir='ltr'><strong>filii</strong></span> <span class='ocrx_word' id='word_1_155' title='bbox 769 1995 888 2040; x_wconf 90' lang='lat' dir='ltr'><strong>nomen</strong></span> <span class='ocrx_word' id='word_1_156' title='bbox 909 1975 1079 2060; x_wconf 77' lang='lat' dir='ltr'><strong>inplorans</strong></span> <span class='ocrx_word' id='word_1_157' title='bbox 1103 1976 1185 2040; x_wconf 88' lang='lat' dir='ltr'><strong>mihi</strong></span> <span class='ocrx_word' id='word_1_158' title='bbox 1197 1991 1220 2031; x_wconf 83' lang='lat' dir='ltr'><strong>sc</strong></span> 
     </span>
     <span class='ocr_line' id='line_1_21' title="bbox 130 2062 1184 2155; baseline -0.009 -18"><span class='ocrx_word' id='word_1_159' title='bbox 130 2084 134 2092; x_wconf 88' lang='lat'>&#39;</span> <span class='ocrx_word' id='word_1_160' title='bbox 176 2072 218 2137; x_wconf 87' lang='lat' dir='ltr'><strong>ad</strong></span> <span class='ocrx_word' id='word_1_161' title='bbox 248 2070 346 2155; x_wconf 85' lang='lat' dir='ltr'><strong>pedes</strong></span> <span class='ocrx_word' id='word_1_162' title='bbox 375 2068 494 2133; x_wconf 86' lang='lat' dir='ltr'><strong>misera</strong></span> <span class='ocrx_word' id='word_1_163' title='bbox 520 2065 633 2150; x_wconf 76' lang='lat' dir='ltr'><strong>iacuit,</strong></span> <span class='ocrx_word' id='word_1_164' title='bbox 665 2064 758 2148; x_wconf 86' lang='lat' dir='ltr'><strong>quasi</strong></span> <span class='ocrx_word' id='word_1_165' title='bbox 786 2084 848 2150; x_wconf 83' lang='lat' dir='ltr'><strong>ego</strong></span> <span class='ocrx_word' id='word_1_166' title='bbox 876 2062 943 2127; x_wconf 83' lang='lat' dir='ltr'><strong>eius</strong></span> <span class='ocrx_word' id='word_1_167' title='bbox 972 2064 1115 2129; x_wconf 75' lang='lat' dir='ltr'><strong>excitare</strong></span> <span class='ocrx_word' id='word_1_168' title='bbox 1141 2065 1184 2129; x_wconf 86' lang='lat' dir='ltr'><strong>ab</strong></span> 
     </span>
     <span class='ocr_line' id='line_1_22' title="bbox 176 2150 1186 2239; baseline -0.006 -17"><span class='ocrx_word' id='word_1_169' title='bbox 176 2157 288 2222; x_wconf 83' lang='lat' dir='ltr'><strong>inferis</strong></span> <span class='ocrx_word' id='word_1_170' title='bbox 320 2156 423 2220; x_wconf 86' lang='lat' dir='ltr'><strong>filium</strong></span> <span class='ocrx_word' id='word_1_171' title='bbox 451 2175 590 2239; x_wconf 85' lang='lat' dir='ltr'><strong>possem.</strong></span> <span class='ocrx_word' id='word_1_172' title='bbox 634 2150 810 2217; x_wconf 79' lang='lat' dir='ltr'><strong>Faciebanl</strong></span> <span class='ocrx_word' id='word_1_173' title='bbox 837 2152 899 2216; x_wconf 91' lang='lat' dir='ltr'><strong>hoc</strong></span> <span class='ocrx_word' id='word_1_174' title='bbox 925 2150 1040 2217; x_wconf 73' lang='lat' dir='ltr'><strong>itidem</strong></span> <span class='ocrx_word' id='word_1_175' title='bbox 1068 2153 1186 2218; x_wconf 81' lang='lat' dir='ltr'><strong>celeris</strong></span> 
     </span>
     <span class='ocr_line' id='line_1_23' title="bbox 177 2238 1187 2326; baseline -0.005 -17"><span class='ocrx_word' id='word_1_176' title='bbox 177 2246 212 2309; x_wconf 90' lang='lat' dir='ltr'><strong>in</strong></span> <span class='ocrx_word' id='word_1_177' title='bbox 226 2242 413 2308; x_wconf 76' lang='lat' dir='ltr'><strong>civitatibus</strong></span> <span class='ocrx_word' id='word_1_178' title='bbox 432 2241 571 2326; x_wconf 83' lang='lat' dir='ltr'><strong>grandes</strong></span> <span class='ocrx_word' id='word_1_179' title='bbox 588 2243 670 2306; x_wconf 75' lang='lat' dir='ltr'><strong>natu</strong></span> <span class='ocrx_word' id='word_1_180' title='bbox 688 2243 808 2304; x_wconf 75' lang='lat' dir='ltr'><strong>matres</strong></span> <span class='ocrx_word' id='word_1_181' title='bbox 826 2238 958 2305; x_wconf 75' lang='lat' dir='ltr'><strong>etitem</strong></span> <span class='ocrx_word' id='word_1_182' title='bbox 976 2240 1071 2324; x_wconf 79' lang='lat' dir='ltr'><strong>parri</strong></span> <span class='ocrx_word' id='word_1_183' title='bbox 1086 2240 1187 2322; x_wconf 87' lang='lat' dir='ltr'><strong>liberi</strong></span> 
     </span>
     <span class='ocr_line' id='line_1_24' title="bbox 177 2327 1187 2413; baseline -0.005 -15"><span class='ocrx_word' id='word_1_184' title='bbox 177 2331 384 2413; x_wconf 72' lang='lat' dir='ltr'><strong>miscrorum,</strong></span> <span class='ocrx_word' id='word_1_185' title='bbox 407 2349 545 2412; x_wconf 87' lang='lat' dir='ltr'><strong>quorum</strong></span> <span class='ocrx_word' id='word_1_186' title='bbox 562 2333 736 2412; x_wconf 74' lang='lat' dir='ltr'><strong>uirumque</strong></span> <span class='ocrx_word' id='word_1_187' title='bbox 753 2331 845 2392; x_wconf 73' lang='lat' dir='ltr'><strong>aetas</strong></span> <span class='ocrx_word' id='word_1_188' title='bbox 867 2327 1016 2392; x_wconf 86' lang='lat' dir='ltr'><strong>laborem</strong></span> <span class='ocrx_word' id='word_1_189' title='bbox 1040 2332 1073 2393; x_wconf 80' lang='lat' dir='ltr'><strong>ei</strong></span> <span class='ocrx_word' id='word_1_190' title='bbox 1094 2329 1187 2394; x_wconf 88' lang='lat' dir='ltr'><strong>indu·</strong></span> 
     </span>
     <span class='ocr_line' id='line_1_25' title="bbox 179 2414 1221 2502; baseline -0.013 -15"><span class='ocrx_word' id='word_1_191' title='bbox 179 2420 294 2487; x_wconf 79' lang='lat' dir='ltr'><strong>siriam</strong></span> <span class='ocrx_word' id='word_1_192' title='bbox 317 2439 435 2502; x_wconf 84' lang='lat' dir='ltr'><strong>meam,</strong></span> <span class='ocrx_word' id='word_1_193' title='bbox 461 2417 557 2482; x_wconf 88' lang='lat' dir='ltr'><strong>fidem</strong></span> <span class='ocrx_word' id='word_1_194' title='bbox 580 2421 614 2481; x_wconf 75' lang='lat' dir='ltr'><strong>et</strong></span> <span class='ocrx_word' id='word_1_195' title='bbox 636 2414 889 2481; x_wconf 86' lang='lat' dir='ltr'><strong>misericordiam</strong></span> <span class='ocrx_word' id='word_1_196' title='bbox 912 2419 1059 2481; x_wconf 73' lang='lat' dir='ltr'><strong>vestrum</strong></span> <span class='ocrx_word' id='word_1_197' title='bbox 1078 2418 1221 2501; x_wconf 79' lang='lat' dir='ltr'><strong>requi-a</strong></span> 
     </span>
     <span class='ocr_line' id='line_1_26' title="bbox 126 2504 1188 2592; baseline -0.003 -21"><span class='ocrx_word' id='word_1_198' title='bbox 126 2522 179 2572; x_wconf 82' lang='lat'><strong>130</strong></span> <span class='ocrx_word' id='word_1_199' title='bbox 192 2509 294 2574; x_wconf 78' lang='lat' dir='ltr'><strong>rebat.</strong></span> <span class='ocrx_word' id='word_1_200' title='bbox 316 2506 432 2592; x_wconf 73' lang='lat' dir='ltr'><strong>Itaque</strong></span> <span class='ocrx_word' id='word_1_201' title='bbox 446 2505 487 2571; x_wconf 84' lang='lat' dir='ltr'><strong>ad</strong></span> <span class='ocrx_word' id='word_1_202' title='bbox 501 2526 562 2588; x_wconf 89' lang='lat' dir='ltr'><strong>me,</strong></span> <span class='ocrx_word' id='word_1_203' title='bbox 569 2504 699 2588; x_wconf 86' lang='lat' dir='ltr'><strong>iudices,</strong></span> <span class='ocrx_word' id='word_1_204' title='bbox 708 2504 793 2568; x_wconf 92' lang='lat' dir='ltr'><strong>hanc</strong></span> <span class='ocrx_word' id='word_1_205' title='bbox 807 2504 1043 2587; x_wconf 86' lang='lat' dir='ltr'><strong>querimoniam</strong></span> <span class='ocrx_word' id='word_1_206' title='bbox 1057 2511 1188 2590; x_wconf 77' lang='lat' dir='ltr'><strong>practer</strong></span> 
     </span>
     <span class='ocr_line' id='line_1_27' title="bbox 180 2591 1189 2678; baseline -0.005 -15"><span class='ocrx_word' id='word_1_207' title='bbox 180 2601 303 2664; x_wconf 78' lang='lat' dir='ltr'><strong>ceteras</strong></span> <span class='ocrx_word' id='word_1_208' title='bbox 326 2593 437 2660; x_wconf 84' lang='lat' dir='ltr'><strong>Sicilia</strong></span> <span class='ocrx_word' id='word_1_209' title='bbox 464 2593 594 2676; x_wconf 78' lang='lat' dir='ltr'><strong>detulit3</strong></span> <span class='ocrx_word' id='word_1_210' title='bbox 620 2591 773 2657; x_wconf 72' lang='lat' dir='ltr'><strong>lacrumis</strong></span> <span class='ocrx_word' id='word_1_211' title='bbox 800 2611 862 2677; x_wconf 84' lang='lat' dir='ltr'><strong>ego</strong></span> <span class='ocrx_word' id='word_1_212' title='bbox 887 2591 964 2676; x_wconf 88' lang='lat' dir='ltr'><strong>huc,</strong></span> <span class='ocrx_word' id='word_1_213' title='bbox 990 2613 1057 2658; x_wconf 90' lang='lat' dir='ltr'><strong>non</strong></span> <span class='ocrx_word' id='word_1_214' title='bbox 1080 2593 1189 2678; x_wconf 83' lang='lat' dir='ltr'><strong>gloria</strong></span> 
     </span>
     <span class='ocr_line' id='line_1_28' title="bbox 179 2679 1189 2765; baseline -0.005 -14"><span class='ocrx_word' id='word_1_215' title='bbox 179 2686 330 2751; x_wconf 77' lang='lat' dir='ltr'><strong>inductur</strong></span> <span class='ocrx_word' id='word_1_216' title='bbox 363 2681 496 2764; x_wconf 77' lang='lat' dir='ltr'><strong>accessi,</strong></span> <span class='ocrx_word' id='word_1_217' title='bbox 526 2701 567 2745; x_wconf 91' lang='lat' dir='ltr'><strong>ne</strong></span> <span class='ocrx_word' id='word_1_218' title='bbox 595 2679 681 2745; x_wconf 77' lang='lat' dir='ltr'><strong>falsa</strong></span> <span class='ocrx_word' id='word_1_219' title='bbox 709 2679 890 2763; x_wconf 69' lang='lat' dir='ltr'><strong>damnatio,</strong></span> <span class='ocrx_word' id='word_1_220' title='bbox 921 2701 963 2744; x_wconf 90' lang='lat' dir='ltr'><strong>ne</strong></span> <span class='ocrx_word' id='word_1_221' title='bbox 992 2701 1115 2765; x_wconf 89' lang='lat' dir='ltr'><strong>carcer,</strong></span> <span class='ocrx_word' id='word_1_222' title='bbox 1145 2703 1189 2746; x_wconf 88' lang='lat' dir='ltr'><strong>ne</strong></span> 
     </span>
     <span class='ocr_line' id='line_1_29' title="bbox 180 2767 1233 2856; baseline -0.009 -16"><span class='ocrx_word' id='word_1_223' title='bbox 180 2779 321 2856; x_wconf 74' lang='lat' dir='ltr'><strong>catenae,</strong></span> <span class='ocrx_word' id='word_1_224' title='bbox 338 2792 380 2836; x_wconf 89' lang='lat' dir='ltr'><strong>ne</strong></span> <span class='ocrx_word' id='word_1_225' title='bbox 398 2769 542 2852; x_wconf 85' lang='lat' dir='ltr'><strong>verbera,</strong></span> <span class='ocrx_word' id='word_1_226' title='bbox 559 2789 600 2832; x_wconf 88' lang='lat' dir='ltr'><strong>ne</strong></span> <span class='ocrx_word' id='word_1_227' title='bbox 619 2787 756 2851; x_wconf 74' lang='lat' dir='ltr'><strong>secureS,</strong></span> <span class='ocrx_word' id='word_1_228' title='bbox 774 2788 816 2831; x_wconf 89' lang='lat' dir='ltr'><strong>ne</strong></span> <span class='ocrx_word' id='word_1_229' title='bbox 835 2767 997 2833; x_wconf 76' lang='lat' dir='ltr'><strong>cruciatus</strong></span> <span class='ocrx_word' id='word_1_230' title='bbox 1017 2769 1189 2852; x_wconf 88' lang='lat' dir='ltr'><strong>sociorum,</strong></span> <span class='ocrx_word' id='word_1_231' title='bbox 1232 2825 1233 2830; x_wconf 73' lang='grc'>,</span> 
     </span>
     <span class='ocr_line' id='line_1_30' title="bbox 179 2855 1233 2946; baseline -0.007 -18"><span class='ocrx_word' id='word_1_232' title='bbox 179 2883 221 2928; x_wconf 88' lang='lat' dir='ltr'><strong>ne</strong></span> <span class='ocrx_word' id='word_1_233' title='bbox 240 2859 373 2946; x_wconf 81' lang='lat' dir='ltr'><strong>sanguis</strong></span> <span class='ocrx_word' id='word_1_234' title='bbox 391 2856 619 2939; x_wconf 78' lang='lat' dir='ltr'><strong>innocentium,</strong></span> <span class='ocrx_word' id='word_1_235' title='bbox 641 2875 682 2920; x_wconf 89' lang='lat' dir='ltr'><strong>ne</strong></span> <span class='ocrx_word' id='word_1_236' title='bbox 701 2855 837 2940; x_wconf 87' lang='lat' dir='ltr'><strong>denique</strong></span> <span class='ocrx_word' id='word_1_237' title='bbox 855 2855 955 2921; x_wconf 80' lang='lat' dir='ltr'><strong>eliam</strong></span> <span class='ocrx_word' id='word_1_238' title='bbox 975 2857 1189 2942; x_wconf 72' lang='lat' dir='ltr'><strong>exsanguium</strong></span> <span class='ocrx_word' id='word_1_239' title='bbox 1202 2872 1233 2936; x_wconf 74' lang='lat'><strong>³⁰]</strong></span> 
     </span>
     <span class='ocr_line' id='line_1_31' title="bbox 181 2946 1233 3035; baseline -0.007 -19"><span class='ocrx_word' id='word_1_240' title='bbox 181 2969 318 3035; x_wconf 87' lang='lat' dir='ltr'><strong>corpora</strong></span> <span class='ocrx_word' id='word_1_241' title='bbox 345 2949 561 3028; x_wconf 71' lang='lat' dir='ltr'><strong>mortuorum,</strong></span> <span class='ocrx_word' id='word_1_242' title='bbox 586 2964 627 3008; x_wconf 89' lang='lat' dir='ltr'><strong>ne</strong></span> <span class='ocrx_word' id='word_1_243' title='bbox 650 2965 779 3008; x_wconf 88' lang='lat' dir='ltr'><strong>maeror</strong></span> <span class='ocrx_word' id='word_1_244' title='bbox 800 2947 975 3028; x_wconf 73' lang='lat' dir='ltr'><strong>parentum</strong></span> <span class='ocrx_word' id='word_1_245' title='bbox 999 2965 1036 3010; x_wconf 88' lang='lat' dir='ltr'><strong>ac</strong></span> <span class='ocrx_word' id='word_1_246' title='bbox 1058 2946 1189 3030; x_wconf 89' lang='lat' dir='ltr'><strong>propin·</strong></span> <span class='ocrx_word' id='word_1_247' title='bbox 1232 2979 1233 3034; x_wconf 55' lang='lat' dir='ltr'><strong>p</strong></span> 
     </span>
     <span class='ocr_line' id='line_1_32' title="bbox 181 3031 1233 3133; baseline -0.005 -30"><span class='ocrx_word' id='word_1_248' title='bbox 181 3057 319 3122; x_wconf 88' lang='lat' dir='ltr'><strong>quorum</strong></span> <span class='ocrx_word' id='word_1_249' title='bbox 350 3032 598 3120; x_wconf 72' lang='lat' dir='ltr'><strong>magistralibus</strong></span> <span class='ocrx_word' id='word_1_250' title='bbox 628 3032 751 3096; x_wconf 74' lang='lat' dir='ltr'><strong>nostris</strong></span> <span class='ocrx_word' id='word_1_251' title='bbox 784 3031 933 3116; x_wconf 78' lang='lat' dir='ltr'><strong>quaestui</strong></span> <span class='ocrx_word' id='word_1_252' title='bbox 965 3036 1078 3117; x_wconf 76' lang='lat' dir='ltr'><strong>posset</strong></span> <span class='ocrx_word' id='word_1_253' title='bbox 1110 3055 1189 3099; x_wconf 78' lang='lat' dir='ltr'><strong>esse</strong></span> <span class='ocrx_word' id='word_1_254' title='bbox 1232 3053 1233 3133; x_wconf 59' lang='lat' dir='ltr'><strong>p</strong></span> 
     </span>
     <span class='ocr_line' id='line_1_33' title="bbox 181 3117 1189 3210; baseline -0.004 -20"><span class='ocrx_word' id='word_1_255' title='bbox 181 3125 276 3190; x_wconf 89' lang='lat' dir='ltr'><strong>Hunc</strong></span> <span class='ocrx_word' id='word_1_256' title='bbox 307 3144 368 3210; x_wconf 79' lang='lat' dir='ltr'><strong>ego</strong></span> <span class='ocrx_word' id='word_1_257' title='bbox 402 3122 430 3186; x_wconf 91' lang='lat' dir='ltr'><strong>si</strong></span> <span class='ocrx_word' id='word_1_258' title='bbox 461 3123 585 3186; x_wconf 76' lang='lat' dir='ltr'><strong>melum</strong></span> <span class='ocrx_word' id='word_1_259' title='bbox 612 3117 740 3184; x_wconf 81' lang='lat' dir='ltr'><strong>Siciliae</strong></span> <span class='ocrx_word' id='word_1_260' title='bbox 772 3119 979 3185; x_wconf 70' lang='lat' dir='ltr'><strong>damnatione</strong></span> <span class='ocrx_word' id='word_1_261' title='bbox 1009 3120 1104 3186; x_wconf 74' lang='lat' dir='ltr'><strong>istius</strong></span> <span class='ocrx_word' id='word_1_262' title='bbox 1132 3143 1189 3207; x_wconf 90' lang='lat' dir='ltr'><strong>per</strong></span> 
     </span>
     <span class='ocr_line' id='line_1_34' title="bbox 180 3207 1187 3294; baseline -0.001 -19"><span class='ocrx_word' id='word_1_263' title='bbox 180 3216 325 3276; x_wconf 73' lang='lat' dir='ltr'><strong>vestram</strong></span> <span class='ocrx_word' id='word_1_264' title='bbox 355 3210 452 3275; x_wconf 86' lang='lat' dir='ltr'><strong>fidem</strong></span> <span class='ocrx_word' id='word_1_265' title='bbox 485 3213 518 3273; x_wconf 76' lang='lat' dir='ltr'><strong>et</strong></span> <span class='ocrx_word' id='word_1_266' title='bbox 549 3207 721 3273; x_wconf 79' lang='lat' dir='ltr'><strong>veritalem</strong></span> <span class='ocrx_word' id='word_1_267' title='bbox 752 3207 907 3292; x_wconf 86' lang='lat' dir='ltr'><strong>deiecero,</strong></span> <span class='ocrx_word' id='word_1_268' title='bbox 940 3208 1077 3294; x_wconf 88' lang='lat' dir='ltr'><strong>iudices,</strong></span> <span class='ocrx_word' id='word_1_269' title='bbox 1109 3210 1187 3274; x_wconf 79' lang='lat' dir='ltr'><strong>satis</strong></span> 
     </span>
     <span class='ocr_line' id='line_1_35' title="bbox 182 3295 1222 3381; baseline 0.002 -21"><span class='ocrx_word' id='word_1_270' title='bbox 182 3297 289 3361; x_wconf 85' lang='lat' dir='ltr'><strong>officio</strong></span> <span class='ocrx_word' id='word_1_271' title='bbox 321 3319 406 3381; x_wconf 88' lang='lat' dir='ltr'><strong>meo,</strong></span> <span class='ocrx_word' id='word_1_272' title='bbox 439 3296 520 3360; x_wconf 77' lang='lat' dir='ltr'><strong>salis</strong></span> <span class='ocrx_word' id='word_1_273' title='bbox 548 3295 681 3360; x_wconf 88' lang='lat' dir='ltr'><strong>illorum</strong></span> <span class='ocrx_word' id='word_1_274' title='bbox 708 3295 886 3380; x_wconf 69' lang='lat' dir='ltr'><strong>voluntati,</strong></span> <span class='ocrx_word' id='word_1_275' title='bbox 918 3296 975 3380; x_wconf 86' lang='lat' dir='ltr'><strong>qui</strong></span> <span class='ocrx_word' id='word_1_276' title='bbox 1003 3320 1024 3361; x_wconf 90' lang='lat' dir='ltr'><strong>a</strong></span> <span class='ocrx_word' id='word_1_277' title='bbox 1049 3319 1102 3362; x_wconf 89' lang='lat' dir='ltr'><strong>me</strong></span> <span class='ocrx_word' id='word_1_278' title='bbox 1128 3297 1189 3362; x_wconf 89' lang='lat' dir='ltr'><strong>hoc</strong></span> <span class='ocrx_word' id='word_1_279' title='bbox 1202 3313 1222 3354; x_wconf 78' lang='lat'><strong>³⁵</strong></span> 
     </span>
    </p>
   </div>
   <div class='ocr_carea' id='block_1_3' title="bbox 129 3382 1189 3596">
    <p class='ocr_par' dir='ltr' id='par_1_3' title="bbox 129 3382 1189 3596">
     <span class='ocr_line' id='line_1_36' title="bbox 129 3382 872 3492; baseline -0.001 -46"><span class='ocrx_word' id='word_1_280' title='bbox 129 3383 380 3492; x_wconf 65' lang='lat' dir='ltr'><strong>50petiverunt,</strong></span> <span class='ocrx_word' id='word_1_281' title='bbox 402 3383 525 3484; x_wconf 79' lang='lat' dir='ltr'><strong>facium</strong></span> <span class='ocrx_word' id='word_1_282' title='bbox 549 3403 619 3447; x_wconf 84' lang='lat' dir='ltr'><strong>esse</strong></span> <span class='ocrx_word' id='word_1_283' title='bbox 642 3382 836 3484; x_wconf 74' lang='lat' dir='ltr'><strong>arbilrabor.</strong></span> <span class='ocrx_word' id='word_1_284' title='bbox 865 3471 872 3485; x_wconf 29' lang='grc' dir='ltr'>ι</span> 
     </span>
     <span class='ocr_line' id='line_1_37' title="bbox 130 3465 1189 3596; baseline 0.006 -65"><span class='ocrx_word' id='word_1_285' title='bbox 130 3503 181 3550; x_wconf 74' lang='lat'><strong>131</strong></span> <span class='ocrx_word' id='word_1_286' title='bbox 249 3465 462 3596; x_wconf 72' lang='lat' dir='ltr'><strong>Quapropter,</strong></span> <span class='ocrx_word' id='word_1_287' title='bbox 477 3491 506 3533; x_wconf 79' lang='grc' dir='ltr'><strong>ει</strong></span> <span class='ocrx_word' id='word_1_288' title='bbox 520 3490 614 3553; x_wconf 88' lang='lat' dir='ltr'><strong>quem</strong></span> <span class='ocrx_word' id='word_1_289' title='bbox 628 3469 715 3535; x_wconf 75' lang='lat' dir='ltr'><strong>forle</strong></span> <span class='ocrx_word' id='word_1_290' title='bbox 729 3491 901 3553; x_wconf 85' lang='lat' dir='ltr'><strong>mvenerrs,</strong></span> <span class='ocrx_word' id='word_1_291' title='bbox 920 3472 976 3556; x_wconf 87' lang='lat' dir='ltr'><strong>qui</strong></span> <span class='ocrx_word' id='word_1_292' title='bbox 994 3472 1057 3538; x_wconf 87' lang='lat' dir='ltr'><strong>hoc</strong></span> <span class='ocrx_word' id='word_1_293' title='bbox 1075 3473 1189 3539; x_wconf 81' lang='lat' dir='ltr'><strong>navale</strong></span> 
     </span>
    </p>
   </div>
   <div class='ocr_carea' id='block_1_4' title="bbox 0 0 1259 3936">
    <p class='ocr_par' dir='ltr' id='par_1_4' title="bbox 0 0 1259 3936">
     <span class='ocr_line' id='line_1_38' title="bbox 0 0 1259 3936; baseline 0 0"><span class='ocrx_word' id='word_1_294' title='bbox 0 0 1259 3936; x_wconf 95' lang='lat' dir='ltr'><strong> </strong></span> 
     </span>
    </p>
   </div>
  </div>
 </body>
</html>
