2404 3928
315 147 382 202 nin.
401 147 440 202 IV
468 146 545 201 οΑΡ.
565 153 633 202 1-3
652 153 667 214 s
687 154 765 204 1-c.
978 151 1044 216 365

45 293 85 358 sie
109 293 186 376 fuit,
212 296 250 358 ut
277 291 351 356 urbi
379 312 506 376 quoque
533 295 621 356 esset
643 296 847 377 ornament03
873 315 950 360 nam
972 295 1045 380 ipsa

45 381 196 464 Messana,
219 402 302 467 quae
320 379 396 464 situ,
418 380 587 446 moenibus
605 384 766 465 portuque
787 384 904 448 ornata
927 383 979 465 sit,
1002 383 1044 450 ab

45 469 89 534 his
115 470 226 554 rebus,
258 469 376 554 quibus
403 468 466 532 iste
494 469 686 552 delectatur,
713 491 791 535 sane
817 491 919 535 vacua
947 475 1044 555 atque

44 558 122 623 nuda
151 561 211 624 est.
255 555 339 622 Erat
366 557 451 642 apud
473 555 593 622 Heium
621 557 798 624 sacrarium
824 579 944 644 magna
971 575 1079 624 cumr

25 646 196 731 fidignitate
228 646 263 710 in
294 645 427 712 aedibus
459 666 480 711 a
510 645 688 712 maioribus
717 647 874 713 traditum
903 648 1046 733 peranti-

46 757 147 819 quom,
183 735 219 798 in
255 756 318 818 quo
356 734 451 820 signa
481 734 700 818 pulcherrima
726 753 779 801 1111
811 757 937 802 summo
970 737 1046 802 arti·

46 823 122 906 ficio,
154 845 283 889 summa
313 822 500 906 nobilitate,
534 844 616 906 quae
646 844 714 889 non
740 825 836 890 modo
863 825 964 892 istum
990 825 1046 891 ho·

46 913 155 977 minem
191 911 397 997 ingeniosum
434 914 467 976 et
501 910 761 997 intellegentem,
797 934 909 979 verum
946 913 1046 980 etiam

46 1001 182 1084 quemvis
201 1003 360 1082 nostrum
384 1021 465 1082 quos
483 999 547 1065 iste
564 1000 683 1066 idiotas
707 1001 861 1085 appellat,
885 1001 1045 1068 delectare

18 1103 37 1142 ¹⁰
46 1093 182 1173 possent,
205 1111 306 1154 unum
323 1086 492 1173 Cupidinis
516 1109 734 1154 marmoreum
756 1087 927 1172 Praxiteli3
950 1091 1045 1155 nimi-

46 1199 107 1242 rum
133 1177 236 1243 'didici
268 1177 380 1260 etiam,
413 1176 489 1242 dum
520 1176 556 1240 in
583 1177 683 1242 istum
709 1177 851 1261 inquiro,
884 1178 1045 1244 artificum

46 1267 175 1334 nomina.
212 1265 326 1346 idem,
356 1265 485 1350 opinor,
518 1265 635 1330 artifex
665 1265 808 1332 eiusdem
835 1267 923 1331 modi
950 1265 1046 1351 Oupi·

47 1353 141 1419 dinem
173 1355 253 1420 fecit
283 1354 391 1437 illum,
424 1353 480 1437 qui
510 1357 562 1418 est
589 1353 751 1439 Thespiis,
782 1357 916 1438 propter
949 1377 1045 1440 quem

48 1441 196 1529 Thespiae
223 1442 385 1526 visuntur3
412 1463 489 1507 nam
517 1441 583 1507 alia
604 1442 730 1508 visendi
752 1464 849 1508 causa
870 1444 963 1509 nulla
986 1447 1045 1510 est.

20 1529 142 1614 ulique
173 1531 232 1596 illc
263 1529 299 1595 L.
326 1530 521 1614 Mammida,
548 1552 621 1596 cum
649 1531 862 1616 Thespiadas,
895 1553 976 1616 quae
1004 1533 1046 1597 ad

48 1619 146 1685 aedem
169 1619 351 1684 Felicitatis
379 1622 468 1702 sunt,
495 1621 664 1703 ceteraque
687 1621 825 1704 profana
847 1641 887 1686 ex
908 1621 967 1686 illo
990 1643 1046 1706 op·

49 1707 111 1788 pido
129 1710 226 1795 signa
244 1709 384 1792 tolleret,
403 1708 488 1772 hunc
506 1729 722 1772 marmoreum
737 1705 939 1793 Cupidinem,
960 1709 1046 1792 quod

50 1800 107 1860 erat
128 1800 349 1880 consecratus,
371 1817 438 1861 non
461 1796 583 1880 attigit.
1063 1848 1085 1912 3

103 1885 226 1950 Verum
243 1888 281 1949 ut
300 1885 341 1950 ad
358 1883 440 1950 illud
461 1884 646 1950 sacrarium,
660 1883 798 1966 redeam,
822 1883 951 1968 signum
974 1889 1045 1949 erat
1063 1925 1080 1974 5

22 1968 107 2057 ahoe,
128 1974 216 2058 quod
235 1972 315 2056 dico,
338 1971 505 2056 Cupidinis
525 1994 542 2038 e
564 1993 739 2054 marmore3
763 1993 801 2036 ex
825 1971 930 2037 altera
950 1977 1044 2057 parte

50 2059 193 2128 Hercules
225 2061 355 2148 egregie
385 2059 491 2126 factus
521 2083 560 2126 ex
587 2082 669 2126 aere.
719 2061 752 2126 Is
780 2060 947 2126 dicebatur
975 2083 1044 2126 esse

49 2147 188 2235 Myronis,
211 2155 249 2214 ut
271 2150 395 2235 opinor,
417 2153 452 2213 et
474 2153 561 2214 certe
583 2150 664 2214 item
774 2147 861 2215 Ante
884 2149 944 2214 hos
968 2150 1044 2215 deos

51 2243 129 2304 erant
159 2239 285 2321 arulae,
318 2259 399 2321 quae
432 2237 532 2302 cuivis
565 2238 755 2324 religionem
786 2237 920 2304 sacrarii
947 2239 1045 2324 signi·

50 2324 132 2392 ficare
158 2330 307 2413 possent3
334 2328 427 2391 erant
454 2331 554 2390 alinea
581 2326 644 2391 duo
670 2331 840 2411 praetcrea
863 2325 957 2410 signa
979 2349 1046 2393 non

24 2421 201 2500 llnaruma,
236 2437 348 2480 verum
380 2413 498 2480 eximia
528 2417 712 2496 venustate,
743 2413 897 2498 virginali
929 2414 1045 2480 habitu

51 2505 133 2587 atque
162 2504 296 2587 vestitu,
324 2524 406 2587 quae
433 2502 583 2568 manibus
610 2500 748 2566 sublatis
770 2522 864 2566 sacra
887 2503 1045 2584 quaedam

51 2611 126 2660 noro
153 2592 403 2658 Atheniensium
439 2591 603 2676 virginum
637 2589 782 2673 reposita
817 2589 852 2654 in
883 2589 1044 2674 capitibus

52 2681 256 2765 sustinebant3
280 2679 491 2764 Canephoroe
509 2680 599 2764 ipsae
618 2678 831 2762 vocabantur3
854 2677 910 2742 sad
934 2699 1044 2743 earum

52 2769 195 2837 artificem
210 2769 326 2854 quem?
341 2769 535 2853 quamnam?
558 2767 657 2832 Recte
672 2767 835 2850 admones,
848 2765 1045 2848 Polyclitum

25 2861 109 2921 ⁸lesse
127 2859 286 2924 dicebant.
322 2856 507 2922 Messanam
525 2859 563 2920 ut
581 2856 717 2939 quisque
735 2859 884 2921 nostrum
903 2857 1053 2936 venerat,

51 2941 118 3011 haec
135 2947 240 3013 visere
263 2946 403 3030 solebat3
427 2945 576 3010 omnibus
598 2945 679 3010 haec
702 2943 743 3009 ad
765 2941 933 3008 visendum
955 2945 1045 3025 pate·

52 3029 120 3099 bant
132 3035 263 3118 cotidie;
282 3034 396 3099 domus
409 3037 481 3098 erat
496 3054 562 3098 non
580 3032 710 3098 domino
729 3031 835 3116 magis
854 3033 1044 3096 ornamento

53 3139 137 3201 quam
163 3122 298 3188 civitati.
334 3120 369 3187 O.
388 3121 555 3204 Claudius,
582 3121 671 3186 caius
697 3119 899 3184 aedilitatem
922 3118 1033 3202 magni
1064 3123 1079 3170 θ

52 3206 282 3276 licentissimam
313 3210 431 3276 scimus
463 3209 576 3292 fuisse,
608 3230 686 3273 usus
717 3211 768 3272 est
799 3208 860 3272 hoe
888 3203 1045 3290 Cupidine

26 3298 110 3362 'itam
132 3300 198 3383 diu,
225 3300 300 3364 dum
322 3299 429 3364 forum
453 3298 502 3362 dis
524 3297 753 3362 inmortalibus
776 3295 960 3380 populoque
983 3293 1045 3362 Ro·

53 3403 136 3452 mano
154 3387 270 3453 habuit
289 3392 448 3469 ornatum,
466 3390 508 3470 et,
526 3406 624 3469 quom
643 3389 728 3450 esset
745 3385 864 3468 hospes
878 3383 1045 3467 Heiorum,

53 3467 225 3542 Mamertini
256 3479 364 3542 autem
393 3475 506 3560 populi
534 3478 704 3559 patronus,
736 3477 773 3539 ut
799 3473 867 3538 illis
895 3471 1044 3556 benignis
