2404 3928
281 167 349 223 me
362 168 403 223 ιν
430 167 507 226 cnr.
528 175 569 236 ιο,
589 176 622 224 ιι
642 175 657 236 s
675 177 789 227 er-ro.
971 173 1036 240 373
1094 200 1097 208 ·

26 313 120 378 tute?
153 316 264 378 utrum
287 335 385 397 quam
409 314 494 398 apud
516 317 665 378 senatum
688 337 729 379 an
753 337 850 398 quam
873 316 959 426 apud
981 339 1037 402 po·

27 403 143 486 pulum
165 401 349 466 Romanum
370 402 491 468 habere
514 402 661 467 debetis?
741 445 743 450 -

92 489 253 574 quue
226 489 303 556 ervit
304 511 341 555 as
359 494 493 556 estnon
512 490 664 571 [ιιιοιιο]
655 512 690 555 ιιι
706 490 882 576 provinciis
904 487 1036 578 nostris,
1054 506 1089 557 ιο

28 600 142 643 verum
165 579 200 643 in
217 578 342 642 ultimis
364 579 553 643 nationibus
577 583 634 644 aut
656 583 725 643 tam
748 582 864 665 potens
888 583 945 644 aut
967 583 1036 646 tam

11 667 133 736 subere
148 670 206 731 aut
223 666 323 731 etiam
340 670 409 732 tam
426 666 579 732 immanis
598 689 635 732 ee
654 667 803 751 barbara,
824 689 880 732 rex
899 667 1036 752 denique

29 756 138 840 eequis
154 759 213 838 est,
231 754 286 838 qui
299 758 483 820 senatorem
496 755 610 841 populi
623 754 764 820 Romani
777 760 864 821 teoto
884 778 921 821 ao
940 755 1036 822 domo

29 865 92 908 non
104 843 247 908 invitet?
271 843 327 926 qui
339 843 443 909 honos
461 865 528 908 non
545 843 670 908 homini
689 844 795 909 solum
812 844 961 927 habetur,
980 845 1037 910 sed
1101 919 1104 922 ,

30 953 176 1085 tritt
192 931 1038 1105 dedederit?ettdssttttttqtlttt

10 1107 141 1192 ogravis
168 1107 231 1172 erit
258 1109 343 1193 apud
370 1108 475 1173 sooios
501 1112 535 1172 et
557 1111 684 1173 exterae
705 1108 868 1191 nationes,
896 1109 952 1173 ubi
974 1109 1038 1174 erit

30 1195 158 1281 imperii
187 1216 307 1260 nornen
337 1199 371 1262 et
402 1196 567 1282 dignitas?
615 1196 803 1261 Mamertini
830 1217 881 1261 me
908 1196 1037 1281 publice

31 1304 93 1348 non
123 1283 314 1349 invitarunt.
361 1283 415 1350 Me
442 1307 515 1350 eum
543 1284 627 1368 dieo,
658 1285 728 1349 leve
758 1288 822 1368 est3
853 1287 1037 1350 senatorem

32 1372 143 1457 populi
168 1371 309 1437 Romani
336 1371 364 1436 si
389 1393 457 1438 non
482 1371 677 1455 invitarunt,
708 1372 866 1438 honorem
891 1372 980 1437 debit
966 1376 1037 1437 tum

34 1459 240 1525 detraxerunt
256 1482 323 1525 non
342 1460 476 1543 homini,
500 1460 555 1524 sed
578 1423 692 1525 ordini.
733 1457 851 1526 Nam
841 1461 906 1546 rpsi
928 1459 1036 1526 Tullio

9 1561 24 1602 ¹⁵
35 1549 166 1632 patebat
180 1548 294 1613 domus
308 1548 565 1634 locupletissima
579 1552 612 1613 et
626 1548 829 1634 amplissima
838 1547 895 1614 On.
902 1548 1038 1634 Pompei

34 1633 195 1719 Basilisci,
218 1658 335 1720 quo‚e
319 1637 448 1702 etiamsi
466 1640 551 1701 esset
573 1636 731 1702 invitatus
755 1659 775 1702 a
797 1637 904 1722 vobio,
926 1641 1038 1703 tamen

36 1723 238 1808 devertisset3
265 1728 336 1790 erat
363 1725 462 1789 etiam
484 1724 746 1808 Percenniorum,
774 1725 830 1808 qui
851 1688 936 1790 ιιιιιιο
958 1725 1038 1790 item

36 1810 176 1898 Pompeii
195 1817 280 1897 sunt,
300 1812 414 1879 domus
432 1813 672 1894 honestissima,
695 1833 759 1895 quo
776 1811 813 1876 L.
825 1811 892 1875 frat
878 1815 929 1876 ter
947 1834 1037 1878 meus

37 1919 159 1966 summa
191 1901 324 1966 illorum
357 1901 526 1967 voluntate
558 1899 705 1965 devertit.
756 1898 893 1964 Senator
924 1900 1038 1984 populi

8 1986 183 2073 ιοΙιοιιιιιιιι,
210 1989 296 2072 quod
322 1988 358 2052 in
382 1989 476 2054 vobis
503 1988 579 2072 fuit,
606 1987 641 2051 in
663 1991 773 2052 vestro
796 1987 915 2071 oppido
938 1987 1038 2052 iacuit

38 2081 66 2140 et
82 2077 287 2162 pernoctavit
304 2077 339 2140 in
360 2076 500 2162 publico.
536 2075 639 2141 Nulla
660 2076 722 2140 hoo
744 2075 860 2141 divitas
882 2098 1037 2159 umquam

39 2165 95 2229 alie
124 2165 296 2231 commisit.
340 2163 503 2230 ‘Amicum
532 2165 619 2230 enim
647 2168 796 2230 nostrum
823 2163 859 2227 in
883 2163 1038 2229 iudicium

38 2252 192 2318 sonabas?
250 2252 313 2336 Ὶιι,
352 2252 429 2337 quid
467 2273 528 2338 ego
565 2252 720 2338 privatim
756 2251 882 2338 negotii
917 2273 1038 2338 geram,

38 2339 286 2427 interpretabere
313 2340 520 2406 inminuendo
543 2341 666 2406 honore
689 2339 875 2406 senatorio?
915 2339 1038 2406 Verum
1056 2345 1091 2394 ²⁶

12 2427 110 2496 ²⁵haee
123 2433 196 2494 tum
211 2451 390 2514 queremur,
414 2451 442 2493 sr
432 2428 537 2514 quid
556 2429 594 2492 de
613 2428 705 2493 vobis
724 2449 782 2512 per
800 2449 874 2492 eum
892 2427 1038 2494 ordinem

39 2523 160 2603 agetur,
183 2518 240 2602 qui
262 2517 341 2583 ordo
364 2539 384 2582 a
405 2505 498 2582 vobis
522 2516 626 2582 adhue
649 2515 728 2580 solis
750 2518 956 2600 contemptus
979 2521 1039 2580 est

38 2601 71 2670 Iu
99 2607 215 2692 populi
239 2605 381 2671 Romani
412 2605 541 2689 quidem
571 2607 778 2687 conspectum
806 2623 880 2755 quo·
898 2623 954 2668 ore
981 2624 1038 2668 vos

40 2693 263 2794 commisistis?
285 2715 344 2759 neo
361 2693 452 2778 prius
470 2693 563 2758 illam
582 2713 717 2776 erucem,
736 2713 818 2776 quae
837 2695 869 2756 et
870 2691 936 2756 iam
953 2712 1038 2757 nune

40 2781 110 2848 rivis
141 2781 283 2848 Romani
315 2782 471 2868 sanguine
501 2779 673 2862 redundat,
707 2801 787 2864 quae
818 2780 884 2844 fixa
916 2781 966 2843 est
998 2779 1039 2844 ad

13 2876 162 2952 oportum
189 2872 388 2954 urbemque
392 2873 548 2953 vestram,
575 2830 750 2933 reveliistis
776 2889 880 2950 neque
906 2866 942 2930 in
964 2888 1039 2949 pro-

40 2957 167 3025 fundum
199 2958 362 3024 abiecistis
394 2955 563 3041 locumque
594 2956 688 3021 illum
718 2977 847 3020 omnem
874 2953 1039 3038 expiastis,

41 3068 130 3130 quam
155 3047 297 3112 Romam
328 3046 466 3130 atque
456 3068 491 3109 ιιι
519 3045 636 3110 horum
663 3047 857 3109 eonventum
884 3041 1040 3106 adiretis?

40 3132 74 3198 In
92 3136 360 3201 Mamertinorum
383 3135 453 3200 solo
475 3133 686 3198 foederatos
666 3135 763 3215 atque
786 3134 903 3216 paeato
925 3145 1039 3195 ιιιοιιιι-

42 3229 176 3289 mentum
199 3223 294 3289 istius
318 3221 518 3288 crudelitatis
542 3219 755 3286 constitutum
779 3221 837 3283 est.
877 3216 1039 3283 Vestrane

14 3313 110 3378 subs
128 3313 233 3378 electa
251 3315 309 3394 eet,
333 3311 373 3376 ad
395 3332 492 3394 quam
514 3309 698 3392 quicumque
721 3306 847 3374 adirent
870 3327 910 3372 ex
931 3304 1039 3390 Italia,

42 3421 158 3466 erucem
183 3400 263 3466 eivis
285 3398 426 3464 Romani
447 3397 537 3483 prius
561 3418 658 3481 quam
682 3417 877 3480 quemquam
900 3395 1039 3460 amioum

43 3490 145 3575 populi
167 3488 308 3554 Romani
329 3487 498 3615 viderent?
527 3506 625 3570 quam
648 3505 706 3551 vos
729 3483 878 3570 Reginis,
902 3504 1039 3568 quorum
