2392 3944
41 1040 47 1049 ,
291 953 338 1030 u.
367 897 509 1028 nuum
536 952 783 1028 orcaaours

52 1115 296 1206 ACTIONIS
327 1117 387 1200 IN
419 1117 462 1202 O.
495 1117 714 1204 VERREM
747 1115 1023 1204 SECUNDAE
1069 1201 1074 1244 3

269 1322 272 1328 ,
384 1263 494 1318 arnna
513 1263 701 1320 sacuunos

246 1369 307 1436 DE
330 1370 571 1438 PRAnuUuA
593 1370 834 1439 SIOEIENSI.

144 1653 398 1721 ARGUMEN
403 1653 505 1720 TUM
527 1653 935 1732 PSEUDO-ASOONI.

96 1777 180 1831 Haec
200 1775 261 1830 sine
276 1775 361 1830 dubio
376 1775 413 1829 ad
427 1774 634 1830 accusationem
647 1775 786 1844 propositi
801 1775 923 1829 oriminis
938 1775 1048 1844 spectat

32 1847 127 1902 oratio.
171 1845 250 1900 Nam
273 1845 414 1915 superiore
438 1847 503 1900 ante
527 1847 606 1900 actae
631 1861 675 1898 res
701 1847 766 1899 sunt
791 1844 947 1913 expositae,
975 1861 1047 1912 quae

41 1913 1047 2042 tumultuaturallusuutullzutllrtnlills’

41 2058 131 2126 rantis,
158 2073 232 2126 quae
255 2055 356 2112 Verres
374 2059 516 2125 quaestor,
539 2073 611 2124 quae
629 2073 680 2126 pro
699 2056 859 2124 quaestore,
879 2071 951 2123 quae
969 2055 1046 2124 lega-

41 2131 89 2196 tus,
117 2144 193 2196 qnae
222 2125 341 2195 denique
372 2130 485 2196 praetor
512 2127 634 2182 urbanus
660 2125 811 2182 admiserit.
851 2125 907 2180 Ubi
932 2128 1048 2182 ventum

42 2201 78 2251 est
99 2199 136 2251 ad
161 2214 277 2252 eausam
299 2195 391 2266 ipsam
417 2201 445 2252 et
468 2197 626 2251 Siciliensis
648 2197 777 2264 crimina,
805 2199 938 2265 quattuor
959 2197 1047 2250 libros

43 2268 135 2336 edidit,
161 2284 251 2322 unum
270 2268 304 2321 de
322 2267 390 2322 iuris
409 2267 543 2336 dictione,
567 2267 688 2322 alterum
705 2267 739 2322 de
757 2267 910 2335 frumento,
932 2267 1048 2322 tertium

44 2338 72 2391 de
87 2339 187 2408 signis,
207 2339 337 2408 quartum
356 2339 391 2392 da
410 2337 563 2408 suppliciis,
581 2337 611 2392 in
629 2355 685 2406 qua
698 2337 894 2392 distributione
908 2353 965 2391 non
979 2338 1048 2392 ordo

42 2411 179 2490 temporis,
200 2409 250 2464 sed
267 2408 422 2490 facinorum
440 2425 545 2492 genera
562 2411 591 2463 et
607 2410 751 2490 momenta
768 2411 880 2490 servata
898 2410 974 2489 sunt..
1003 2408 1048 2489 ln-

44 2481 270 2620 {strutus
287 2479 595 2614 ¹llliiululs3
631 2478 926 2605 {titulatura
939 2477 1047 2602 lulli

44 2619 140 2674 matra
158 2621 273 2690 quidam
288 2618 449 2674 Ciceronem
466 2619 680 2690 reprehendunt,
700 2617 774 2687 quod
791 2635 848 2672 non
866 2617 931 2672 inde
950 2633 1048 2686 coepe·

44 2690 83 2756 rit,
101 2708 165 2745 oum
183 2691 329 2760 superiora
347 2691 464 2745 erimina
480 2699 538 2744 non
555 2691 659 2760 egeant
676 2689 735 2744 eius
754 2690 831 2744 modi
848 2689 980 2754 tractatu,
1000 2688 1048 2754 qui

46 2761 77 2812 ad
94 2761 241 2829 sequentia
258 2760 389 2831 pertinet,
408 2763 438 2815 et
456 2759 574 2821 oratoris
593 2758 711 2822 oonsilio
729 2777 747 2814 a
764 2759 874 2830 magnis
892 2758 1047 2826 iisdemque

46 2830 201 2886 sudoribus
229 2832 394 2886 sumendum
419 2833 492 2886 esset
519 2831 670 2886 exordium.
691 2830 803 2898 'Itaque
822 2828 958 2899 posthoc
976 2832 994 2894 †
1013 2828 1047 2882 de

46 2901 164 2955 meredic
182 2899 320 2972 expressis
337 2901 493 2956 honoribus
511 2901 548 2970 ab'
564 2901 667 2968 invitis,
687 2901 722 2954 de
735 2899 867 2970 Epicrate
881 2897 982 2952 Bidino
1001 2898 1048 2952 de·

47 2986 93 3037 que
111 2972 193 3026 rebus
209 2971 386 3042 capitalibus,
405 2973 439 3026 de
450 2969 583 3042 ¹So'patro',
603 2972 636 3025 de
651 2971 776 3038 Sthenio,
796 2971 830 3024 de
843 2970 903 3023 iure
918 2967 1047 3023 dicundo.

48 3040 169 3094 Alterum
186 3043 220 3096 de
239 3043 422 3110 senatoribus,
441 3043 475 3098 de
495 3042 699 3110 sacerdotibus,
725 3042 759 3095 de
777 3040 938 3095 censoribus
956 3039 1048 3109 pretio

48 3111 164 3166 aVerre
181 3113 270 3180 factis,
290 3114 325 3168 do
344 3113 493 3168 collatione
512 3113 542 3166 in
561 3113 681 3179 statuas,
701 3111 735 3166 de
753 3108 966 3180 publicanorum
984 3127 1049 3165 cum

48 3180 129 3236 Verre
157 3183 348 3238 convenientia
374 3183 404 3238 in
429 3183 526 3251 furtis,
553 3184 587 3238 de
613 3183 717 3237 tabulis
744 3181 889 3250 Carpinati
915 3181 1048 3252 pecunias

48 3249 139 3304 Verris
160 3253 389 3309 extraordinarias
415 3253 630 3309 continentibus.
668 3251 760 3306 Genus
784 3268 884 3306 causae
907 3251 937 3305 in
960 3249 1048 3306 omni·
1127 3299 1129 3304 .

49 3319 277 3380 busVerrinarum
286 3324 366 3380 libris
378 3323 553 3380 admirabile.
573 3323 667 3379 Status
677 3321 872 3393 principaliter
879 3321 1049 3378 coniectura.
