<?xml version="1.0" encoding="UTF-8"?>
<!DOCTYPE html PUBLIC "-//W3C//DTD XHTML 1.0 Transitional//EN"
    "http://www.w3.org/TR/xhtml1/DTD/xhtml1-transitional.dtd">
<html xmlns="http://www.w3.org/1999/xhtml" xml:lang="en" lang="en">
 <head>
  <title>
</title>
<meta http-equiv="Content-Type" content="text/html;charset=utf-8" />
  <meta name='ocr-system' content='tesseract 3.04.00' />
  <meta name='ocr-capabilities' content='ocr_page ocr_carea ocr_par ocr_line ocrx_word'/>
</head>
<body>
  <div class='ocr_page' id='page_1' title='image "./mtulliiciceroni02mlgoog/mtulliiciceroni02mlgoog_0314.png"; bbox 0 0 2392 3944; ppageno 0'>
   <div class='ocr_carea' id='block_1_1' title="bbox 266 190 1045 258">
    <p class='ocr_par' dir='ltr' id='par_1_1' title="bbox 266 190 1045 258">
     <span class='ocr_line' id='line_1_1' title="bbox 266 190 1045 258; baseline 0.008 -13"><span class='ocrx_word' id='word_1_1' title='bbox 266 190 333 246; x_wconf 77' lang='lat' dir='ltr'><strong>LIB.</strong></span> <span class='ocrx_word' id='word_1_2' title='bbox 351 191 364 246; x_wconf 92' lang='lat' dir='ltr'>I</span> <span class='ocrx_word' id='word_1_3' title='bbox 410 190 487 246; x_wconf 78' lang='lat' dir='ltr'><strong>CAP.</strong></span> <span class='ocrx_word' id='word_1_4' title='bbox 507 196 611 247; x_wconf 80' lang='lat'><strong>58—61</strong></span> <span class='ocrx_word' id='word_1_5' title='bbox 631 197 646 257; x_wconf 63' lang='grc' dir='ltr'>ᾖ</span> <span class='ocrx_word' id='word_1_6' title='bbox 666 197 814 247; x_wconf 73' lang='lat' dir='ltr'><strong>ree-1⁵7.</strong></span> <span class='ocrx_word' id='word_1_7' title='bbox 982 193 1045 258; x_wconf 78' lang='grc'><strong>197</strong></span> 
     </span>
    </p>
   </div>
   <div class='ocr_carea' id='block_1_2' title="bbox 11 334 1101 3595">
    <p class='ocr_par' dir='ltr' id='par_1_2' title="bbox 35 334 1046 860">
     <span class='ocr_line' id='line_1_2' title="bbox 54 334 1045 422; baseline 0.005 -23"><span class='ocrx_word' id='word_1_8' title='bbox 54 334 112 400; x_wconf 90' lang='lat' dir='ltr'><strong>eius</strong></span> <span class='ocrx_word' id='word_1_9' title='bbox 133 335 219 400; x_wconf 87' lang='lat' dir='ltr'><strong>modi</strong></span> <span class='ocrx_word' id='word_1_10' title='bbox 246 335 397 422; x_wconf 74' lang='lat' dir='ltr'>exegisti,</span> <span class='ocrx_word' id='word_1_11' title='bbox 426 339 464 400; x_wconf 86' lang='lat' dir='ltr'><strong>ut</strong></span> <span class='ocrx_word' id='word_1_12' title='bbox 490 335 623 420; x_wconf 88' lang='lat' dir='ltr'><strong>tuipse</strong></span> <span class='ocrx_word' id='word_1_13' title='bbox 652 335 713 399; x_wconf 88' lang='lat' dir='ltr'><strong>illa</strong></span> <span class='ocrx_word' id='word_1_14' title='bbox 744 335 791 400; x_wconf 91' lang='lat' dir='ltr'><strong>ire</strong></span> <span class='ocrx_word' id='word_1_15' title='bbox 820 357 887 402; x_wconf 91' lang='lat' dir='ltr'><strong>non</strong></span> <span class='ocrx_word' id='word_1_16' title='bbox 918 338 1045 404; x_wconf 82' lang='lat' dir='ltr'><strong>audeas</strong></span> 
     </span>
     <span class='ocr_line' id='line_1_3' title="bbox 54 422 1045 508; baseline 0.007 -22"><span class='ocrx_word' id='word_1_17' title='bbox 54 422 90 487; x_wconf 88' lang='lat' dir='ltr'><strong>Te</strong></span> <span class='ocrx_word' id='word_1_18' title='bbox 115 427 206 508; x_wconf 85' lang='lat' dir='ltr'><strong>putet</strong></span> <span class='ocrx_word' id='word_1_19' title='bbox 237 423 422 508; x_wconf 86' lang='lat' dir='ltr'><strong>quisquam,</strong></span> <span class='ocrx_word' id='word_1_20' title='bbox 457 443 531 489; x_wconf 87' lang='lat' dir='ltr'><strong>eum</strong></span> <span class='ocrx_word' id='word_1_21' title='bbox 562 424 604 490; x_wconf 88' lang='lat' dir='ltr'><strong>ab</strong></span> <span class='ocrx_word' id='word_1_22' title='bbox 636 422 735 489; x_wconf 84' lang='lat' dir='ltr'><strong>Italia</strong></span> <span class='ocrx_word' id='word_1_23' title='bbox 764 423 850 489; x_wconf 85' lang='lat' dir='ltr'><strong>fretu</strong></span> <span class='ocrx_word' id='word_1_24' title='bbox 885 425 1045 494; x_wconf 78' lang='lat' dir='ltr'><strong>diiunctus</strong></span> 
     </span>
     <span class='ocr_line' id='line_1_4' title="bbox 54 509 1046 596; baseline 0.007 -21"><span class='ocrx_word' id='word_1_25' title='bbox 54 533 139 596; x_wconf 88' lang='lat' dir='ltr'><strong>esses,</strong></span> <span class='ocrx_word' id='word_1_26' title='bbox 164 511 262 577; x_wconf 86' lang='lat' dir='ltr'><strong>sooiis</strong></span> <span class='ocrx_word' id='word_1_27' title='bbox 288 515 499 596; x_wconf 71' lang='lat' dir='ltr'><strong>temperasse,</strong></span> <span class='ocrx_word' id='word_1_28' title='bbox 527 512 583 595; x_wconf 90' lang='lat' dir='ltr'><strong>qui</strong></span> <span class='ocrx_word' id='word_1_29' title='bbox 609 511 722 578; x_wconf 76' lang='lat' dir='ltr'><strong>sedem</strong></span> <span class='ocrx_word' id='word_1_30' title='bbox 749 509 895 578; x_wconf 78' lang='lat' dir='ltr'><strong>Castoris</strong></span> <span class='ocrx_word' id='word_1_31' title='bbox 926 517 1046 582; x_wconf 84' lang='lat' dir='ltr'><strong>testem</strong></span> 
     </span>
     <span class='ocr_line' id='line_1_5' title="bbox 53 598 1045 686; baseline 0.005 -22"><span class='ocrx_word' id='word_1_32' title='bbox 53 605 164 665; x_wconf 88' lang='lat' dir='ltr'><strong>tuorum</strong></span> <span class='ocrx_word' id='word_1_33' title='bbox 186 599 350 666; x_wconf 80' lang='lat' dir='ltr'><strong>lirrtorrim</strong></span> <span class='ocrx_word' id='word_1_34' title='bbox 372 605 451 665; x_wconf 85' lang='lat' dir='ltr'><strong>esse</strong></span> <span class='ocrx_word' id='word_1_35' title='bbox 464 598 629 665; x_wconf 82' lang='lat' dir='ltr'><strong>volueris?</strong></span> <span class='ocrx_word' id='word_1_36' title='bbox 651 621 750 684; x_wconf 85' lang='lat' dir='ltr'><strong>quam</strong></span> <span class='ocrx_word' id='word_1_37' title='bbox 770 601 911 686; x_wconf 88' lang='lat' dir='ltr'><strong>populus</strong></span> <span class='ocrx_word' id='word_1_38' title='bbox 928 602 1045 670; x_wconf 83' lang='lat' dir='ltr'><strong>Romu·</strong></span> 
     </span>
     <span class='ocr_line' id='line_1_6' title="bbox 35 687 1046 773; baseline 0.003 -21"><span class='ocrx_word' id='word_1_39' title='bbox 35 707 100 753; x_wconf 72' lang='lat' dir='ltr'><strong>suus</strong></span> <span class='ocrx_word' id='word_1_40' title='bbox 120 688 247 773; x_wconf 84' lang='lat' dir='ltr'><strong>eotidie,</strong></span> <span class='ocrx_word' id='word_1_41' title='bbox 267 687 388 754; x_wconf 75' lang='lat' dir='ltr'><strong>iudices</strong></span> <span class='ocrx_word' id='word_1_42' title='bbox 411 687 613 772; x_wconf 80' lang='lat' dir='ltr'><strong>etiamtum,</strong></span> <span class='ocrx_word' id='word_1_43' title='bbox 636 709 709 753; x_wconf 88' lang='lat' dir='ltr'><strong>oum</strong></span> <span class='ocrx_word' id='word_1_44' title='bbox 732 689 771 754; x_wconf 90' lang='lat' dir='ltr'><strong>de</strong></span> <span class='ocrx_word' id='word_1_45' title='bbox 793 693 827 754; x_wconf 87' lang='lat' dir='ltr'><strong>te</strong></span> <span class='ocrx_word' id='word_1_46' title='bbox 850 691 1046 756; x_wconf 84' lang='lat' dir='ltr'><strong>senteutiam</strong></span> 
     </span>
     <span class='ocr_line' id='line_1_7' title="bbox 52 775 340 860; baseline 0.003 -21"><span class='ocrx_word' id='word_1_47' title='bbox 52 775 153 860; x_wconf 83' lang='lat' dir='ltr'><strong>serent,</strong></span> <span class='ocrx_word' id='word_1_48' title='bbox 174 776 340 842; x_wconf 80' lang='lat' dir='ltr'><strong>videbunt.</strong></span> 
     </span>
    </p>

    <p class='ocr_par' dir='ltr' id='par_1_3' title="bbox 52 855 1098 1127">
     <span class='ocr_line' id='line_1_8' title="bbox 103 855 1098 982; baseline 0.002 -52"><span class='ocrx_word' id='word_1_49' title='bbox 103 865 211 950; x_wconf 77' lang='lat' dir='ltr'><strong>Atque</strong></span> <span class='ocrx_word' id='word_1_50' title='bbox 221 865 320 930; x_wconf 82' lang='lat' dir='ltr'><strong>etism</strong></span> <span class='ocrx_word' id='word_1_51' title='bbox 329 865 483 930; x_wconf 84' lang='lat' dir='ltr'><strong>iudieium</strong></span> <span class='ocrx_word' id='word_1_52' title='bbox 495 864 531 930; x_wconf 89' lang='lat' dir='ltr'><strong>in</strong></span> <span class='ocrx_word' id='word_1_53' title='bbox 543 869 698 948; x_wconf 83' lang='lat' dir='ltr'><strong>praetura</strong></span> <span class='ocrx_word' id='word_1_54' title='bbox 710 866 877 951; x_wconf 79' lang='lat' dir='ltr'><strong>publicum</strong></span> <span class='ocrx_word' id='word_1_55' title='bbox 891 855 1098 982; x_wconf 57' lang='lat' dir='ltr'><strong>exerouit3162</strong></span> 
     </span>
     <span class='ocr_line' id='line_1_9' title="bbox 52 932 1079 1038; baseline 0.004 -22"><span class='ocrx_word' id='word_1_56' title='bbox 52 954 211 1020; x_wconf 89' lang='lat' dir='ltr'><strong>nonenim</strong></span> <span class='ocrx_word' id='word_1_57' title='bbox 232 953 502 1038; x_wconf 81' lang='lat' dir='ltr'><strong>praetereundum</strong></span> <span class='ocrx_word' id='word_1_58' title='bbox 526 956 576 1018; x_wconf 90' lang='lat' dir='ltr'><strong>est</strong></span> <span class='ocrx_word' id='word_1_59' title='bbox 596 975 638 1018; x_wconf 91' lang='lat' dir='ltr'><strong>ne</strong></span> <span class='ocrx_word' id='word_1_60' title='bbox 666 953 701 1020; x_wconf 89' lang='lat' dir='ltr'><strong>id</strong></span> <span class='ocrx_word' id='word_1_61' title='bbox 733 955 871 1038; x_wconf 88' lang='lat' dir='ltr'><strong>quidem.</strong></span> <span class='ocrx_word' id='word_1_62' title='bbox 918 955 1028 1022; x_wconf 88' lang='lat' dir='ltr'><strong>Petite</strong></span> <span class='ocrx_word' id='word_1_63' title='bbox 1063 932 1079 982; x_wconf 77' lang='lat'><strong>⁶</strong></span> 
     </span>
     <span class='ocr_line' id='line_1_10' title="bbox 52 1039 1046 1127; baseline 0.004 -22"><span class='ocrx_word' id='word_1_64' title='bbox 52 1042 139 1108; x_wconf 90' lang='lat' dir='ltr'><strong>uulta</strong></span> <span class='ocrx_word' id='word_1_65' title='bbox 171 1045 223 1107; x_wconf 88' lang='lat' dir='ltr'><strong>est</strong></span> <span class='ocrx_word' id='word_1_66' title='bbox 250 1042 337 1127; x_wconf 81' lang='lat' dir='ltr'><strong>apud</strong></span> <span class='ocrx_word' id='word_1_67' title='bbox 363 1042 465 1106; x_wconf 90' lang='lat' dir='ltr'><strong>istum</strong></span> <span class='ocrx_word' id='word_1_68' title='bbox 491 1044 677 1126; x_wconf 86' lang='lat' dir='ltr'><strong>praetorem</strong></span> <span class='ocrx_word' id='word_1_69' title='bbox 704 1061 724 1106; x_wconf 87' lang='lat' dir='ltr'><strong>a</strong></span> <span class='ocrx_word' id='word_1_70' title='bbox 751 1039 787 1116; x_wconf 88' lang='lat' dir='ltr'><strong>O.</strong></span> <span class='ocrx_word' id='word_1_71' title='bbox 815 1041 958 1127; x_wconf 81' lang='lat' dir='ltr'><strong>Opimi03</strong></span> <span class='ocrx_word' id='word_1_72' title='bbox 988 1045 1046 1127; x_wconf 89' lang='lat' dir='ltr'><strong>qui</strong></span> 
     </span>
    </p>

    <p class='ocr_par' dir='ltr' id='par_1_4' title="bbox 26 1129 1046 1568">
     <span class='ocr_line' id='line_1_11' title="bbox 26 1129 1046 1214; baseline 0.003 -21"><span class='ocrx_word' id='word_1_73' title='bbox 26 1145 43 1186; x_wconf 81' lang='lat' dir='ltr'><strong>u</strong></span> <span class='ocrx_word' id='word_1_74' title='bbox 52 1130 192 1196; x_wconf 80' lang='lat' dir='ltr'><strong>adductus</strong></span> <span class='ocrx_word' id='word_1_75' title='bbox 213 1134 264 1195; x_wconf 88' lang='lat' dir='ltr'><strong>est</strong></span> <span class='ocrx_word' id='word_1_76' title='bbox 280 1130 316 1195; x_wconf 89' lang='lat' dir='ltr'><strong>in</strong></span> <span class='ocrx_word' id='word_1_77' title='bbox 332 1129 495 1214; x_wconf 83' lang='lat' dir='ltr'><strong>iudicium,</strong></span> <span class='ocrx_word' id='word_1_78' title='bbox 512 1130 612 1196; x_wconf 85' lang='lat' dir='ltr'><strong>verbo</strong></span> <span class='ocrx_word' id='word_1_79' title='bbox 632 1129 727 1214; x_wconf 90' lang='lat' dir='ltr'><strong>quod,</strong></span> <span class='ocrx_word' id='word_1_80' title='bbox 749 1152 823 1195; x_wconf 89' lang='lat' dir='ltr'><strong>eum</strong></span> <span class='ocrx_word' id='word_1_81' title='bbox 841 1136 928 1195; x_wconf 90' lang='lat' dir='ltr'><strong>esset</strong></span> <span class='ocrx_word' id='word_1_82' title='bbox 944 1131 1046 1196; x_wconf 83' lang='lat' dir='ltr'><strong>tribu·</strong></span> 
     </span>
     <span class='ocr_line' id='line_1_12' title="bbox 51 1217 1046 1305; baseline 0.003 -23"><span class='ocrx_word' id='word_1_83' title='bbox 51 1239 98 1283; x_wconf 88' lang='lat' dir='ltr'><strong>uus</strong></span> <span class='ocrx_word' id='word_1_84' title='bbox 129 1218 254 1305; x_wconf 88' lang='lat' dir='ltr'><strong>plebis,</strong></span> <span class='ocrx_word' id='word_1_85' title='bbox 288 1218 525 1284; x_wconf 67' lang='lat' dir='ltr'><strong>intercessisset</strong></span> <span class='ocrx_word' id='word_1_86' title='bbox 560 1222 675 1284; x_wconf 71' lang='lat' dir='ltr'><strong>eontra</strong></span> <span class='ocrx_word' id='word_1_87' title='bbox 710 1218 816 1304; x_wconf 80' lang='lat' dir='ltr'><strong>legem</strong></span> <span class='ocrx_word' id='word_1_88' title='bbox 853 1217 1046 1303; x_wconf 78' lang='lat' dir='ltr'><strong>Corneliam,</strong></span> 
     </span>
     <span class='ocr_line' id='line_1_13' title="bbox 51 1306 1045 1391; baseline 0.003 -20"><span class='ocrx_word' id='word_1_89' title='bbox 51 1327 76 1371; x_wconf 77' lang='lat' dir='ltr'><strong>re</strong></span> <span class='ocrx_word' id='word_1_90' title='bbox 100 1327 171 1374; x_wconf 82' lang='lat' dir='ltr'><strong>uera</strong></span> <span class='ocrx_word' id='word_1_91' title='bbox 208 1307 295 1391; x_wconf 89' lang='lat' dir='ltr'><strong>quod</strong></span> <span class='ocrx_word' id='word_1_92' title='bbox 324 1307 360 1371; x_wconf 89' lang='lat' dir='ltr'><strong>in</strong></span> <span class='ocrx_word' id='word_1_93' title='bbox 394 1307 565 1372; x_wconf 85' lang='lat' dir='ltr'><strong>tribunatu</strong></span> <span class='ocrx_word' id='word_1_94' title='bbox 599 1306 733 1371; x_wconf 77' lang='lat' dir='ltr'><strong>dixisset</strong></span> <span class='ocrx_word' id='word_1_95' title='bbox 764 1310 879 1372; x_wconf 86' lang='lat' dir='ltr'><strong>eontra</strong></span> <span class='ocrx_word' id='word_1_96' title='bbox 910 1307 1045 1374; x_wconf 85' lang='lat' dir='ltr'><strong>alieuius</strong></span> 
     </span>
     <span class='ocr_line' id='line_1_14' title="bbox 52 1393 1045 1479; baseline 0.003 -21"><span class='ocrx_word' id='word_1_97' title='bbox 52 1393 177 1461; x_wconf 88' lang='lat' dir='ltr'><strong>hominis</strong></span> <span class='ocrx_word' id='word_1_98' title='bbox 200 1395 323 1460; x_wconf 87' lang='lat' dir='ltr'><strong>nobilis</strong></span> <span class='ocrx_word' id='word_1_99' title='bbox 344 1395 555 1460; x_wconf 77' lang='lat' dir='ltr'><strong>voluntatem.</strong></span> <span class='ocrx_word' id='word_1_100' title='bbox 594 1393 645 1459; x_wconf 90' lang='lat' dir='ltr'><strong>De</strong></span> <span class='ocrx_word' id='word_1_101' title='bbox 668 1416 732 1479; x_wconf 88' lang='lat' dir='ltr'><strong>quo</strong></span> <span class='ocrx_word' id='word_1_102' title='bbox 754 1395 872 1461; x_wconf 87' lang='lat' dir='ltr'><strong>iudioio</strong></span> <span class='ocrx_word' id='word_1_103' title='bbox 896 1396 925 1460; x_wconf 90' lang='lat' dir='ltr'><strong>si</strong></span> <span class='ocrx_word' id='word_1_104' title='bbox 947 1397 1045 1462; x_wconf 82' lang='lat' dir='ltr'><strong>velim</strong></span> 
     </span>
     <span class='ocr_line' id='line_1_15' title="bbox 53 1475 1046 1568; baseline 0.004 -22"><span class='ocrx_word' id='word_1_105' title='bbox 53 1475 138 1550; x_wconf 71' lang='lat' dir='ltr'><strong>diuers</strong></span> <span class='ocrx_word' id='word_1_106' title='bbox 169 1483 292 1567; x_wconf 84' lang='lat' dir='ltr'><strong>omnia,</strong></span> <span class='ocrx_word' id='word_1_107' title='bbox 322 1483 420 1548; x_wconf 88' lang='lat' dir='ltr'><strong>multi</strong></span> <span class='ocrx_word' id='word_1_108' title='bbox 446 1483 633 1568; x_wconf 87' lang='lat' dir='ltr'><strong>appellandi</strong></span> <span class='ocrx_word' id='word_1_109' title='bbox 659 1483 871 1568; x_wconf 78' lang='lat' dir='ltr'><strong>laedendique</strong></span> <span class='ocrx_word' id='word_1_110' title='bbox 902 1482 981 1568; x_wconf 89' lang='lat' dir='ltr'><strong>sint,</strong></span> <span class='ocrx_word' id='word_1_111' title='bbox 1012 1484 1046 1550; x_wconf 90' lang='lat' dir='ltr'><strong>id</strong></span> 
     </span>
    </p>

    <p class='ocr_par' dir='ltr' id='par_1_5' title="bbox 27 1571 1047 1904">
     <span class='ocr_line' id='line_1_16' title="bbox 27 1571 1046 1659; baseline 0.003 -24"><span class='ocrx_word' id='word_1_112' title='bbox 27 1572 122 1654; x_wconf 61' lang='lat' dir='ltr'><strong>“quod</strong></span> <span class='ocrx_word' id='word_1_113' title='bbox 149 1571 232 1636; x_wconf 86' lang='lat' dir='ltr'><strong>mihi</strong></span> <span class='ocrx_word' id='word_1_114' title='bbox 262 1591 329 1636; x_wconf 91' lang='lat' dir='ltr'><strong>nou</strong></span> <span class='ocrx_word' id='word_1_115' title='bbox 360 1575 411 1637; x_wconf 89' lang='lat' dir='ltr'><strong>est</strong></span> <span class='ocrx_word' id='word_1_116' title='bbox 440 1592 586 1655; x_wconf 82' lang='lat' dir='ltr'><strong>neoesse;</strong></span> <span class='ocrx_word' id='word_1_117' title='bbox 615 1575 744 1638; x_wconf 77' lang='lat' dir='ltr'><strong>tentum</strong></span> <span class='ocrx_word' id='word_1_118' title='bbox 776 1571 895 1657; x_wconf 62' lang='lat' dir='ltr'><strong>diaeum</strong></span> <span class='ocrx_word' id='word_1_119' title='bbox 911 1575 1046 1659; x_wconf 77' lang='lat' dir='ltr'><strong>‘paucos</strong></span> 
     </span>
     <span class='ocr_line' id='line_1_17' title="bbox 53 1657 1046 1748; baseline 0.004 -26"><span class='ocrx_word' id='word_1_120' title='bbox 53 1657 194 1744; x_wconf 82' lang='lat' dir='ltr'><strong>honines,</strong></span> <span class='ocrx_word' id='word_1_121' title='bbox 216 1663 255 1725; x_wconf 88' lang='lat' dir='ltr'><strong>ut</strong></span> <span class='ocrx_word' id='word_1_122' title='bbox 277 1659 441 1725; x_wconf 82' lang='lat' dir='ltr'><strong>levissime</strong></span> <span class='ocrx_word' id='word_1_123' title='bbox 462 1659 634 1746; x_wconf 79' lang='lat' dir='ltr'><strong>appellem,</strong></span> <span class='ocrx_word' id='word_1_124' title='bbox 657 1663 849 1748; x_wconf 76' lang='lat' dir='ltr'><strong>arrogantes</strong></span> <span class='ocrx_word' id='word_1_125' title='bbox 871 1661 934 1727; x_wconf 85' lang='lat' dir='ltr'><strong>hoo</strong></span> <span class='ocrx_word' id='word_1_126' title='bbox 956 1662 1046 1726; x_wconf 82' lang='lat' dir='ltr'><strong>adiu-</strong></span> 
     </span>
     <span class='ocr_line' id='line_1_18' title="bbox 53 1747 1047 1833; baseline 0.002 -22"><span class='ocrx_word' id='word_1_127' title='bbox 53 1751 109 1813; x_wconf 83' lang='lat' dir='ltr'><strong>tore</strong></span> <span class='ocrx_word' id='word_1_128' title='bbox 129 1747 168 1824; x_wconf 75' lang='lat' dir='ltr'>Q</span> <span class='ocrx_word' id='word_1_129' title='bbox 191 1747 357 1833; x_wconf 86' lang='lat' dir='ltr'><strong>Opimium</strong></span> <span class='ocrx_word' id='word_1_130' title='bbox 378 1769 437 1833; x_wconf 83' lang='lat' dir='ltr'><strong>per</strong></span> <span class='ocrx_word' id='word_1_131' title='bbox 458 1748 571 1814; x_wconf 83' lang='lat' dir='ltr'><strong>ludum</strong></span> <span class='ocrx_word' id='word_1_132' title='bbox 593 1752 628 1814; x_wconf 82' lang='lat' dir='ltr'><strong>et</strong></span> <span class='ocrx_word' id='word_1_133' title='bbox 649 1747 758 1816; x_wconf 88' lang='lat' dir='ltr'><strong>ioeum</strong></span> <span class='ocrx_word' id='word_1_134' title='bbox 778 1748 919 1814; x_wconf 82' lang='lat' dir='ltr'><strong>fortunis</strong></span> <span class='ocrx_word' id='word_1_135' title='bbox 946 1749 1047 1814; x_wconf 88' lang='lat' dir='ltr'><strong>omni·</strong></span> 
     </span>
     <span class='ocr_line' id='line_1_19' title="bbox 53 1834 285 1904; baseline 0.009 -5"><span class='ocrx_word' id='word_1_136' title='bbox 53 1834 99 1902; x_wconf 88' lang='lat' dir='ltr'><strong>tus</strong></span> <span class='ocrx_word' id='word_1_137' title='bbox 120 1837 285 1904; x_wconf 85' lang='lat' dir='ltr'><strong>evertisse.</strong></span> 
     </span>
    </p>

    <p class='ocr_par' dir='ltr' id='par_1_6' title="bbox 104 1923 1099 2008">
     <span class='ocr_line' id='line_1_20' title="bbox 104 1923 1099 2008; baseline -0.007 -18"><span class='ocrx_word' id='word_1_138' title='bbox 104 1923 135 1992; x_wconf 89' lang='lat' dir='ltr'><strong>ls</strong></span> <span class='ocrx_word' id='word_1_139' title='bbox 155 1925 237 1991; x_wconf 91' lang='lat' dir='ltr'><strong>mihi</strong></span> <span class='ocrx_word' id='word_1_140' title='bbox 256 1924 355 1990; x_wconf 88' lang='lat' dir='ltr'><strong>etiam</strong></span> <span class='ocrx_word' id='word_1_141' title='bbox 374 1925 529 2008; x_wconf 86' lang='lat' dir='ltr'><strong>queritur,</strong></span> <span class='ocrx_word' id='word_1_142' title='bbox 552 1923 638 2008; x_wconf 90' lang='lat' dir='ltr'><strong>quod</strong></span> <span class='ocrx_word' id='word_1_143' title='bbox 656 1945 677 1990; x_wconf 86' lang='lat' dir='ltr'><strong>a</strong></span> <span class='ocrx_word' id='word_1_144' title='bbox 694 1923 789 1989; x_wconf 88' lang='lat' dir='ltr'><strong>nobis</strong></span> <span class='ocrx_word' id='word_1_145' title='bbox 809 1941 846 1988; x_wconf 84' lang='lat' dir='ltr'><strong>rx</strong></span> <span class='ocrx_word' id='word_1_146' title='bbox 866 1924 944 1989; x_wconf 88' lang='lat' dir='ltr'><strong>solis</strong></span> <span class='ocrx_word' id='word_1_147' title='bbox 964 1923 1029 1989; x_wconf 87' lang='lat' dir='ltr'><strong>die·</strong></span> <span class='ocrx_word' id='word_1_148' title='bbox 1049 1933 1099 1984; x_wconf 81' lang='lat'><strong>156</strong></span> 
     </span>
    </p>

    <p class='ocr_par' dir='ltr' id='par_1_7' title="bbox 28 2011 1049 2451">
     <span class='ocr_line' id='line_1_21' title="bbox 28 2011 1048 2100; baseline 0.002 -26"><span class='ocrx_word' id='word_1_149' title='bbox 28 2011 101 2076; x_wconf 74' lang='lat' dir='ltr'><strong>sla</strong></span> <span class='ocrx_word' id='word_1_150' title='bbox 125 2015 233 2100; x_wconf 88' lang='lat' dir='ltr'><strong>prime</strong></span> <span class='ocrx_word' id='word_1_151' title='bbox 261 2013 346 2080; x_wconf 82' lang='lat' dir='ltr'><strong>aetio</strong></span> <span class='ocrx_word' id='word_1_152' title='bbox 374 2013 424 2078; x_wconf 90' lang='lat' dir='ltr'><strong>sui</strong></span> <span class='ocrx_word' id='word_1_153' title='bbox 450 2012 560 2078; x_wconf 89' lang='lat' dir='ltr'><strong>iudieii</strong></span> <span class='ocrx_word' id='word_1_154' title='bbox 586 2015 753 2078; x_wconf 76' lang='lat' dir='ltr'><strong>transacta</strong></span> <span class='ocrx_word' id='word_1_155' title='bbox 781 2011 837 2095; x_wconf 89' lang='lat' dir='ltr'><strong>sit,</strong></span> <span class='ocrx_word' id='word_1_156' title='bbox 866 2033 939 2076; x_wconf 87' lang='lat' dir='ltr'><strong>oum</strong></span> <span class='ocrx_word' id='word_1_157' title='bbox 962 2013 1048 2097; x_wconf 91' lang='lat' dir='ltr'><strong>apud</strong></span> 
     </span>
     <span class='ocr_line' id='line_1_22' title="bbox 55 2098 1049 2187; baseline -0.001 -21"><span class='ocrx_word' id='word_1_158' title='bbox 55 2101 159 2184; x_wconf 58' lang='lat' dir='ltr'><strong>[mum]</strong></span> <span class='ocrx_word' id='word_1_159' title='bbox 178 2101 287 2187; x_wconf 90' lang='lat' dir='ltr'><strong>ipsum</strong></span> <span class='ocrx_word' id='word_1_160' title='bbox 305 2101 411 2166; x_wconf 89' lang='lat' dir='ltr'><strong>tribus</strong></span> <span class='ocrx_word' id='word_1_161' title='bbox 434 2101 523 2166; x_wconf 88' lang='lat' dir='ltr'><strong>horis</strong></span> <span class='ocrx_word' id='word_1_162' title='bbox 547 2098 583 2176; x_wconf 88' lang='lat' dir='ltr'><strong>Q.</strong></span> <span class='ocrx_word' id='word_1_163' title='bbox 601 2099 759 2184; x_wconf 85' lang='lat' dir='ltr'><strong>Opimius,</strong></span> <span class='ocrx_word' id='word_1_164' title='bbox 782 2104 913 2166; x_wconf 84' lang='lat' dir='ltr'><strong>senator</strong></span> <span class='ocrx_word' id='word_1_165' title='bbox 934 2101 1049 2186; x_wconf 90' lang='lat' dir='ltr'><strong>populi</strong></span> 
     </span>
     <span class='ocr_line' id='line_1_23' title="bbox 54 2185 1049 2275; baseline 0 -21"><span class='ocrx_word' id='word_1_166' title='bbox 54 2185 192 2275; x_wconf 83' lang='lat' dir='ltr'><strong>Romani,</strong></span> <span class='ocrx_word' id='word_1_167' title='bbox 219 2190 318 2272; x_wconf 86' lang='lat' dir='ltr'><strong>bona,</strong></span> <span class='ocrx_word' id='word_1_168' title='bbox 347 2189 510 2272; x_wconf 87' lang='lat' dir='ltr'><strong>fortunas,</strong></span> <span class='ocrx_word' id='word_1_169' title='bbox 534 2192 725 2254; x_wconf 88' lang='lat' dir='ltr'><strong>ornamenta</strong></span> <span class='ocrx_word' id='word_1_170' title='bbox 748 2189 857 2254; x_wconf 89' lang='lat' dir='ltr'><strong>omnia</strong></span> <span class='ocrx_word' id='word_1_171' title='bbox 880 2189 1049 2254; x_wconf 81' lang='lat' dir='ltr'><strong>amiserit?</strong></span> 
     </span>
     <span class='ocr_line' id='line_1_24' title="bbox 55 2276 1049 2363; baseline 0.002 -23"><span class='ocrx_word' id='word_1_172' title='bbox 55 2278 129 2343; x_wconf 86' lang='lat' dir='ltr'><strong>euius</strong></span> <span class='ocrx_word' id='word_1_173' title='bbox 143 2281 278 2363; x_wconf 90' lang='lat' dir='ltr'><strong>propter</strong></span> <span class='ocrx_word' id='word_1_174' title='bbox 292 2277 519 2363; x_wconf 74' lang='lat' dir='ltr'><strong>indignitatem</strong></span> <span class='ocrx_word' id='word_1_175' title='bbox 537 2276 647 2341; x_wconf 81' lang='lat' dir='ltr'><strong>iudicii</strong></span> <span class='ocrx_word' id='word_1_176' title='bbox 665 2277 852 2362; x_wconf 82' lang='lat' dir='ltr'><strong>saepissime</strong></span> <span class='ocrx_word' id='word_1_177' title='bbox 871 2281 922 2342; x_wconf 89' lang='lat' dir='ltr'><strong>est</strong></span> <span class='ocrx_word' id='word_1_178' title='bbox 940 2281 1049 2343; x_wconf 87' lang='lat' dir='ltr'><strong>aetum</strong></span> 
     </span>
     <span class='ocr_line' id='line_1_25' title="bbox 55 2363 1048 2451; baseline 0.003 -23"><span class='ocrx_word' id='word_1_179' title='bbox 55 2363 228 2449; x_wconf 70' lang='lat' dir='ltr'><strong>insensatu,</strong></span> <span class='ocrx_word' id='word_1_180' title='bbox 255 2368 293 2431; x_wconf 90' lang='lat' dir='ltr'><strong>ut</strong></span> <span class='ocrx_word' id='word_1_181' title='bbox 321 2386 422 2451; x_wconf 82' lang='lat' dir='ltr'><strong>genus</strong></span> <span class='ocrx_word' id='word_1_182' title='bbox 445 2365 507 2430; x_wconf 87' lang='lat' dir='ltr'><strong>hoe</strong></span> <span class='ocrx_word' id='word_1_183' title='bbox 528 2368 637 2430; x_wconf 90' lang='lat' dir='ltr'><strong>totum</strong></span> <span class='ocrx_word' id='word_1_184' title='bbox 659 2365 836 2430; x_wconf 84' lang='lat' dir='ltr'><strong>multarum</strong></span> <span class='ocrx_word' id='word_1_185' title='bbox 860 2369 957 2451; x_wconf 88' lang='lat' dir='ltr'><strong>atque</strong></span> <span class='ocrx_word' id='word_1_186' title='bbox 981 2366 1048 2431; x_wconf 88' lang='lat' dir='ltr'><strong>eius</strong></span> 
     </span>
    </p>

    <p class='ocr_par' dir='ltr' id='par_1_8' title="bbox 28 2451 1101 3067">
     <span class='ocr_line' id='line_1_26' title="bbox 28 2451 1050 2538; baseline 0 -21"><span class='ocrx_word' id='word_1_187' title='bbox 28 2453 129 2518; x_wconf 73' lang='lat' dir='ltr'><strong>smodi</strong></span> <span class='ocrx_word' id='word_1_188' title='bbox 141 2453 333 2520; x_wconf 84' lang='lat' dir='ltr'><strong>iudiciorum</strong></span> <span class='ocrx_word' id='word_1_189' title='bbox 347 2453 527 2518; x_wconf 84' lang='lat' dir='ltr'><strong>tolleretur.</strong></span> <span class='ocrx_word' id='word_1_190' title='bbox 556 2452 628 2518; x_wconf 86' lang='lat' dir='ltr'><strong>lam</strong></span> <span class='ocrx_word' id='word_1_191' title='bbox 641 2474 718 2518; x_wconf 85' lang='lat' dir='ltr'><strong>vero</strong></span> <span class='ocrx_word' id='word_1_192' title='bbox 732 2452 874 2518; x_wconf 90' lang='lat' dir='ltr'><strong>inbonis</strong></span> <span class='ocrx_word' id='word_1_193' title='bbox 889 2451 925 2529; x_wconf 88' lang='lat' dir='ltr'><strong>Q.</strong></span> <span class='ocrx_word' id='word_1_194' title='bbox 939 2452 1050 2538; x_wconf 84' lang='lat' dir='ltr'><strong>Opimi</strong></span> 
     </span>
     <span class='ocr_line' id='line_1_27' title="bbox 55 2540 1049 2626; baseline 0.004 -24"><span class='ocrx_word' id='word_1_195' title='bbox 55 2542 214 2608; x_wconf 74' lang='lat' dir='ltr'><strong>vendendis</strong></span> <span class='ocrx_word' id='word_1_196' title='bbox 238 2563 318 2626; x_wconf 89' lang='lat' dir='ltr'><strong>quas</strong></span> <span class='ocrx_word' id='word_1_197' title='bbox 341 2541 404 2606; x_wconf 87' lang='lat' dir='ltr'><strong>iste</strong></span> <span class='ocrx_word' id='word_1_198' title='bbox 426 2540 563 2626; x_wconf 87' lang='lat' dir='ltr'><strong>praedas</strong></span> <span class='ocrx_word' id='word_1_199' title='bbox 586 2563 684 2625; x_wconf 85' lang='lat' dir='ltr'><strong>quam</strong></span> <span class='ocrx_word' id='word_1_200' title='bbox 708 2545 833 2626; x_wconf 90' lang='lat' dir='ltr'><strong>aperte,</strong></span> <span class='ocrx_word' id='word_1_201' title='bbox 862 2563 959 2626; x_wconf 86' lang='lat' dir='ltr'><strong>quam</strong></span> <span class='ocrx_word' id='word_1_202' title='bbox 988 2542 1049 2606; x_wconf 92' lang='lat' dir='ltr'><strong>im·</strong></span> 
     </span>
     <span class='ocr_line' id='line_1_28' title="bbox 54 2628 1049 2717; baseline -0.001 -23"><span class='ocrx_word' id='word_1_203' title='bbox 54 2629 140 2710; x_wconf 85' lang='lat' dir='ltr'><strong>probe</strong></span> <span class='ocrx_word' id='word_1_204' title='bbox 157 2629 281 2714; x_wconf 83' lang='lat' dir='ltr'><strong>feeerit,</strong></span> <span class='ocrx_word' id='word_1_205' title='bbox 304 2631 439 2717; x_wconf 81' lang='lat' dir='ltr'><strong>longum</strong></span> <span class='ocrx_word' id='word_1_206' title='bbox 458 2633 509 2694; x_wconf 89' lang='lat' dir='ltr'><strong>est</strong></span> <span class='ocrx_word' id='word_1_207' title='bbox 526 2628 644 2713; x_wconf 80' lang='lat' dir='ltr'><strong>diuere3</strong></span> <span class='ocrx_word' id='word_1_208' title='bbox 666 2628 729 2696; x_wconf 85' lang='lat' dir='ltr'><strong>hoe</strong></span> <span class='ocrx_word' id='word_1_209' title='bbox 751 2628 836 2696; x_wconf 87' lang='lat' dir='ltr'><strong>dieo:</strong></span> <span class='ocrx_word' id='word_1_210' title='bbox 859 2628 934 2694; x_wconf 87' lang='lat' dir='ltr'><strong>Nisi</strong></span> <span class='ocrx_word' id='word_1_211' title='bbox 955 2629 1049 2694; x_wconf 83' lang='lat' dir='ltr'><strong>robis</strong></span> 
     </span>
     <span class='ocr_line' id='line_1_29' title="bbox 55 2715 1049 2804; baseline 0.002 -26"><span class='ocrx_word' id='word_1_212' title='bbox 55 2715 81 2780; x_wconf 89' lang='lat' dir='ltr'><strong>id</strong></span> <span class='ocrx_word' id='word_1_213' title='bbox 103 2718 269 2785; x_wconf 91' lang='lat' dir='ltr'><strong>hominum</strong></span> <span class='ocrx_word' id='word_1_214' title='bbox 295 2717 598 2784; x_wconf 87' lang='lat' dir='ltr'><strong>honestissimorum</strong></span> <span class='ocrx_word' id='word_1_215' title='bbox 625 2717 747 2782; x_wconf 84' lang='lat' dir='ltr'><strong>tabulis</strong></span> <span class='ocrx_word' id='word_1_216' title='bbox 777 2719 912 2804; x_wconf 87' lang='lat' dir='ltr'><strong>planum</strong></span> <span class='ocrx_word' id='word_1_217' title='bbox 933 2715 1049 2800; x_wconf 87' lang='lat' dir='ltr'><strong>fecero,</strong></span> 
     </span>
     <span class='ocr_line' id='line_1_30' title="bbox 54 2803 1101 2892; baseline -0.011 -19"><span class='ocrx_word' id='word_1_218' title='bbox 54 2803 123 2892; x_wconf 77' lang='lat' dir='ltr'><strong>fingi</strong></span> <span class='ocrx_word' id='word_1_219' title='bbox 142 2831 161 2873; x_wconf 98' lang='lat' dir='ltr'><strong>a</strong></span> <span class='ocrx_word' id='word_1_220' title='bbox 184 2828 237 2872; x_wconf 90' lang='lat' dir='ltr'><strong>me</strong></span> <span class='ocrx_word' id='word_1_221' title='bbox 260 2805 322 2872; x_wconf 86' lang='lat' dir='ltr'><strong>hoo</strong></span> <span class='ocrx_word' id='word_1_222' title='bbox 344 2808 452 2872; x_wconf 89' lang='lat' dir='ltr'><strong>totum</strong></span> <span class='ocrx_word' id='word_1_223' title='bbox 469 2805 627 2891; x_wconf 89' lang='lat' dir='ltr'><strong>temporis</strong></span> <span class='ocrx_word' id='word_1_224' title='bbox 646 2828 743 2871; x_wconf 86' lang='lat' dir='ltr'><strong>eausa</strong></span> <span class='ocrx_word' id='word_1_225' title='bbox 761 2809 919 2891; x_wconf 85' lang='lat' dir='ltr'><strong>putatote.</strong></span> <span class='ocrx_word' id='word_1_226' title='bbox 960 2803 1031 2868; x_wconf 87' lang='lat' dir='ltr'><strong>lam</strong></span> <span class='ocrx_word' id='word_1_227' title='bbox 1051 2811 1101 2862; x_wconf 72' lang='lat'><strong>157</strong></span> 
     </span>
     <span class='ocr_line' id='line_1_31' title="bbox 29 2893 1050 2979; baseline -0.002 -22"><span class='ocrx_word' id='word_1_228' title='bbox 29 2894 102 2974; x_wconf 70' lang='lat' dir='ltr'><strong>equi</strong></span> <span class='ocrx_word' id='word_1_229' title='bbox 123 2917 157 2960; x_wconf 89' lang='lat' dir='ltr'><strong>ex</strong></span> <span class='ocrx_word' id='word_1_230' title='bbox 180 2895 368 2963; x_wconf 82' lang='lat' dir='ltr'><strong>calamitate</strong></span> <span class='ocrx_word' id='word_1_231' title='bbox 387 2893 546 2960; x_wconf 89' lang='lat' dir='ltr'><strong>senatoris</strong></span> <span class='ocrx_word' id='word_1_232' title='bbox 564 2894 678 2979; x_wconf 88' lang='lat' dir='ltr'><strong>populi</strong></span> <span class='ocrx_word' id='word_1_233' title='bbox 695 2893 844 2975; x_wconf 84' lang='lat' dir='ltr'><strong>Romani,</strong></span> <span class='ocrx_word' id='word_1_234' title='bbox 866 2912 939 2957; x_wconf 86' lang='lat' dir='ltr'><strong>oum</strong></span> <span class='ocrx_word' id='word_1_235' title='bbox 957 2912 1050 2975; x_wconf 77' lang='lat' dir='ltr'><strong>prae</strong></span> 
     </span>
     <span class='ocr_line' id='line_1_32' title="bbox 55 2976 1049 3067; baseline -0.001 -23"><span class='ocrx_word' id='word_1_236' title='bbox 55 2983 99 3044; x_wconf 83' lang='lat' dir='ltr'><strong>tor</strong></span> <span class='ocrx_word' id='word_1_237' title='bbox 115 2983 229 3050; x_wconf 78' lang='lat' dir='ltr'><strong>iudicio</strong></span> <span class='ocrx_word' id='word_1_238' title='bbox 244 2983 312 3049; x_wconf 89' lang='lat' dir='ltr'><strong>eius</strong></span> <span class='ocrx_word' id='word_1_239' title='bbox 326 2981 529 3067; x_wconf 83' lang='lat' dir='ltr'><strong>praefuisset,</strong></span> <span class='ocrx_word' id='word_1_240' title='bbox 549 2981 655 3066; x_wconf 84' lang='lat' dir='ltr'><strong>spolia</strong></span> <span class='ocrx_word' id='word_1_241' title='bbox 673 2982 804 3048; x_wconf 90' lang='lat' dir='ltr'><strong>domum</strong></span> <span class='ocrx_word' id='word_1_242' title='bbox 822 3000 915 3044; x_wconf 88' lang='lat' dir='ltr'><strong>suam</strong></span> <span class='ocrx_word' id='word_1_243' title='bbox 929 2976 1049 3044; x_wconf 82' lang='lat' dir='ltr'><strong>referre</strong></span> 
     </span>
    </p>

    <p class='ocr_par' dir='ltr' id='par_1_9' title="bbox 11 3067 1050 3154">
     <span class='ocr_line' id='line_1_33' title="bbox 11 3067 1050 3154; baseline 0.002 -24"><span class='ocrx_word' id='word_1_244' title='bbox 11 3073 13 3140; x_wconf 63' lang='grc' dir='ltr'>ζ</span> <span class='ocrx_word' id='word_1_245' title='bbox 56 3071 82 3131; x_wconf 86' lang='lat' dir='ltr'><strong>et</strong></span> <span class='ocrx_word' id='word_1_246' title='bbox 102 3070 267 3138; x_wconf 77' lang='lat' dir='ltr'><strong>manubias</strong></span> <span class='ocrx_word' id='word_1_247' title='bbox 290 3071 459 3136; x_wconf 86' lang='lat' dir='ltr'><strong>detrahere</strong></span> <span class='ocrx_word' id='word_1_248' title='bbox 481 3073 617 3136; x_wconf 80' lang='lat' dir='ltr'><strong>conatus</strong></span> <span class='ocrx_word' id='word_1_249' title='bbox 641 3070 699 3154; x_wconf 91' lang='lat' dir='ltr'><strong>sit,</strong></span> <span class='ocrx_word' id='word_1_250' title='bbox 728 3070 756 3135; x_wconf 89' lang='lat' dir='ltr'><strong>is</strong></span> <span class='ocrx_word' id='word_1_251' title='bbox 779 3068 882 3134; x_wconf 90' lang='lat' dir='ltr'><strong>ullam</strong></span> <span class='ocrx_word' id='word_1_252' title='bbox 910 3067 951 3133; x_wconf 89' lang='lat' dir='ltr'><strong>ab</strong></span> <span class='ocrx_word' id='word_1_253' title='bbox 980 3088 1050 3132; x_wconf 91' lang='lat' dir='ltr'><strong>sese</strong></span> 
     </span>
    </p>

    <p class='ocr_par' dir='ltr' id='par_1_10' title="bbox 11 3157 615 3244">
     <span class='ocr_line' id='line_1_34' title="bbox 11 3157 615 3244; baseline 0.005 -24"><span class='ocrx_word' id='word_1_254' title='bbox 11 3161 13 3170; x_wconf 90' lang='grc'><strong>’</strong></span> <span class='ocrx_word' id='word_1_255' title='bbox 56 3157 261 3225; x_wconf 79' lang='lat' dir='ltr'><strong>calamitatem</strong></span> <span class='ocrx_word' id='word_1_256' title='bbox 284 3159 406 3244; x_wconf 89' lang='lat' dir='ltr'><strong>poterit</strong></span> <span class='ocrx_word' id='word_1_257' title='bbox 428 3158 615 3244; x_wconf 78' lang='lat' dir='ltr'><strong>deprecari?</strong></span> 
     </span>
    </p>

    <p class='ocr_par' dir='ltr' id='par_1_11' title="bbox 113 3238 1101 3312">
     <span class='ocr_line' id='line_1_35' title="bbox 113 3238 1101 3312; baseline -0.009 -1"><span class='ocrx_word' id='word_1_258' title='bbox 113 3243 194 3312; x_wconf 87' lang='lat' dir='ltr'><strong>Nam</strong></span> <span class='ocrx_word' id='word_1_259' title='bbox 221 3248 259 3312; x_wconf 91' lang='lat' dir='ltr'><strong>de</strong></span> <span class='ocrx_word' id='word_1_260' title='bbox 288 3246 522 3312; x_wconf 85' lang='lat' dir='ltr'><strong>subsortitione</strong></span> <span class='ocrx_word' id='word_1_261' title='bbox 549 3246 608 3311; x_wconf 90' lang='lat' dir='ltr'><strong>illa</strong></span> <span class='ocrx_word' id='word_1_262' title='bbox 634 3244 772 3310; x_wconf 89' lang='lat' dir='ltr'><strong>Iuniana</strong></span> <span class='ocrx_word' id='word_1_263' title='bbox 798 3243 939 3310; x_wconf 82' lang='lat' dir='ltr'><strong>iudicum</strong></span> <span class='ocrx_word' id='word_1_264' title='bbox 966 3242 1050 3307; x_wconf 92' lang='lat' dir='ltr'><strong>nihil</strong></span> <span class='ocrx_word' id='word_1_265' title='bbox 1060 3238 1101 3304; x_wconf 90' lang='grc'><strong>61</strong></span> 
     </span>
    </p>

    <p class='ocr_par' dir='ltr' id='par_1_12' title="bbox 31 3329 1053 3595">
     <span class='ocr_line' id='line_1_36' title="bbox 31 3329 1051 3418; baseline -0.001 -22"><span class='ocrx_word' id='word_1_266' title='bbox 31 3329 128 3398; x_wconf 68' lang='lat' dir='ltr'><strong>edico.</strong></span> <span class='ocrx_word' id='word_1_267' title='bbox 160 3334 242 3410; x_wconf 82' lang='lat' dir='ltr'><strong>Ouid</strong></span> <span class='ocrx_word' id='word_1_268' title='bbox 264 3335 373 3400; x_wconf 82' lang='lat' dir='ltr'><strong>enim?</strong></span> <span class='ocrx_word' id='word_1_269' title='bbox 406 3338 519 3400; x_wconf 84' lang='lat' dir='ltr'><strong>eontra</strong></span> <span class='ocrx_word' id='word_1_270' title='bbox 541 3333 687 3418; x_wconf 86' lang='lat' dir='ltr'><strong>tabulas,</strong></span> <span class='ocrx_word' id='word_1_271' title='bbox 710 3355 791 3418; x_wconf 88' lang='lat' dir='ltr'><strong>quas</strong></span> <span class='ocrx_word' id='word_1_272' title='bbox 814 3335 851 3397; x_wconf 89' lang='lat' dir='ltr'><strong>tu</strong></span> <span class='ocrx_word' id='word_1_273' title='bbox 873 3331 1051 3417; x_wconf 86' lang='lat' dir='ltr'><strong>protulisti,</strong></span> 
     </span>
     <span class='ocr_line' id='line_1_37' title="bbox 58 3420 1052 3506; baseline 0.001 -24"><span class='ocrx_word' id='word_1_274' title='bbox 58 3420 180 3487; x_wconf 82' lang='lat' dir='ltr'><strong>audeam</strong></span> <span class='ocrx_word' id='word_1_275' title='bbox 201 3423 327 3490; x_wconf 81' lang='lat' dir='ltr'><strong>dicere?</strong></span> <span class='ocrx_word' id='word_1_276' title='bbox 363 3421 504 3488; x_wconf 84' lang='lat' dir='ltr'><strong>Difficile</strong></span> <span class='ocrx_word' id='word_1_277' title='bbox 524 3426 587 3506; x_wconf 81' lang='lat' dir='ltr'><strong>est3</strong></span> <span class='ocrx_word' id='word_1_278' title='bbox 609 3421 780 3487; x_wconf 88' lang='lat' dir='ltr'><strong>nonenim</strong></span> <span class='ocrx_word' id='word_1_279' title='bbox 798 3443 850 3487; x_wconf 90' lang='lat' dir='ltr'><strong>me</strong></span> <span class='ocrx_word' id='word_1_280' title='bbox 869 3424 927 3486; x_wconf 86' lang='lat' dir='ltr'><strong>tua</strong></span> <span class='ocrx_word' id='word_1_281' title='bbox 945 3421 1052 3486; x_wconf 87' lang='lat' dir='ltr'><strong>solum</strong></span> 
     </span>
     <span class='ocr_line' id='line_1_38' title="bbox 59 3506 1053 3595; baseline 0.001 -27"><span class='ocrx_word' id='word_1_282' title='bbox 59 3509 86 3569; x_wconf 92' lang='lat' dir='ltr'><strong>et</strong></span> <span class='ocrx_word' id='word_1_283' title='bbox 101 3509 233 3576; x_wconf 81' lang='lat' dir='ltr'><strong>iudicum</strong></span> <span class='ocrx_word' id='word_1_284' title='bbox 252 3510 439 3595; x_wconf 86' lang='lat' dir='ltr'><strong>auotoritas,</strong></span> <span class='ocrx_word' id='word_1_285' title='bbox 463 3510 519 3576; x_wconf 90' lang='lat' dir='ltr'><strong>sed</strong></span> <span class='ocrx_word' id='word_1_286' title='bbox 538 3506 636 3575; x_wconf 76' lang='lat' dir='ltr'><strong>etiam</strong></span> <span class='ocrx_word' id='word_1_287' title='bbox 655 3510 771 3576; x_wconf 85' lang='lat' dir='ltr'><strong>anulus</strong></span> <span class='ocrx_word' id='word_1_288' title='bbox 791 3529 906 3578; x_wconf 67' lang='lat' dir='ltr'><strong>armeus</strong></span> <span class='ocrx_word' id='word_1_289' title='bbox 928 3506 1053 3573; x_wconf 87' lang='lat' dir='ltr'><strong>scribae</strong></span> 
     </span>
    </p>
   </div>
   <div class='ocr_carea' id='block_1_3' title="bbox 0 0 1207 3944">
    <p class='ocr_par' dir='ltr' id='par_1_13' title="bbox 0 0 1207 3944">
     <span class='ocr_line' id='line_1_39' title="bbox 0 0 1207 3944; baseline 0 0"><span class='ocrx_word' id='word_1_290' title='bbox 0 0 1207 3944; x_wconf 95' lang='lat' dir='ltr'><strong> </strong></span> 
     </span>
    </p>
   </div>
  </div>
 </body>
</html>
