2392 3944
153 139 219 202 222
453 135 493 190 ΙΝ
512 135 541 190 G.
555 134 711 190 VERREM
727 133 805 190 Aer.
823 135 858 189 11.

154 280 358 366 quindeciens
385 279 530 366 pecunia.
574 278 694 344 Utrum
721 299 774 342 res
804 278 845 342 ab
873 277 967 342 initio
992 277 1037 342 ita
1057 276 1137 342 ducta

154 374 204 434 est
230 391 272 434 an
300 369 341 434 ad
368 373 547 434 extremum
575 367 624 432 ita
649 367 818 452 perducta,
846 388 890 430 an
915 365 964 429 ita
985 387 1079 450 parva
1097 369 1138 428 est

153 457 288 544 pecunia
319 478 361 522 an
392 457 421 521 is
455 456 580 537 [homo]
607 453 740 536 Verres,
776 458 814 519 ut
845 453 938 537 haee,
971 475 1049 537 quae
1078 453 1139 534 dixi,

154 547 259 632 gratis
280 544 370 610 facta
391 543 563 610 videantur
585 543 678 608 esse?

101 649 135 697 62
219 633 282 698 Hic
312 653 397 698 nunc
424 632 463 697 de
490 631 622 696 miseria
648 627 844 712 Siculorum,
875 628 1009 713 iudices,
1038 629 1172 694 audites

154 720 199 786 nt
229 719 399 784 Heraclius
429 719 487 784 ille
519 716 738 803 Syracusanus
770 722 803 782 et
834 717 888 782 liic
919 717 1053 782 Bidinus
1079 715 1142 800 Elpi-

155 811 259 874 crates
278 807 405 892 expulsi
422 808 517 872 bonis
537 807 686 872 omnibus
704 807 844 870 Romam
865 809 1034 890 venerunt3
1056 803 1141 869 sordi-

155 896 232 979 dati,
251 896 394 960 maxima
411 896 515 962 barba
534 899 567 960 et
586 894 705 979 capillo
723 894 846 960 Romae
869 892 1036 958 biennium
1056 913 1143 978 prope

155 983 298 1066 filerunt,
331 984 438 1068 quoad
464 983 499 1048 L.
521 981 674 1048 Metellus
706 982 740 1046 in
766 981 969 1066 provinciam
995 979 1142 1066 profectus

156 1076 214 1137 est.
264 1072 346 1137 Tum
378 1073 434 1136 isti
466 1073 547 1136 bene
579 1069 794 1154 commendati
825 1091 899 1136 oum
929 1068 1062 1134 Metello
1091 1081 1174 1132 unau

154 1161 409 1245 proficiscuntur.
463 1158 615 1224 Metellus
653 1158 750 1223 simul
782 1179 819 1222 ac
853 1157 943 1222 venit
976 1154 1144 1240 Syracusas,

155 1253 328 1332 utrumque
363 1247 508 1330 rescidit,
542 1250 575 1311 ct
609 1246 648 1310 de
679 1245 832 1330 Epicrate
864 1249 897 1308 et
929 1245 968 1308 de
1000 1243 1145 1309 Heraclio.

155 1335 194 1400 In
225 1337 393 1418 utriusque
425 1335 520 1399 bonis
547 1334 629 1398 nihil
657 1337 740 1416 erat,
773 1333 859 1416 quod
885 1333 1015 1399 restitui
1040 1335 1145 1416 posset,

103 1388 146 1513 ἒξ
155 1423 219 1488 uiri
246 1424 276 1487 si
303 1423 380 1506 quid
407 1423 529 1487 moveri
554 1422 626 1486 loco
648 1443 715 1485 non
736 1424 897 1505 potuerat.
942 1419 1075 1486 Fecerat
1094 1421 1145 1483 hoc

156 1510 286 1595 egregie
312 1510 419 1594 primo
446 1509 588 1574 adventu
608 1509 774 1592 Metellus,
801 1512 839 1574 ut
861 1530 974 1574 omnes
996 1508 1087 1574 istius
1107 1507 1174 1570 iro

155 1597 265 1680 iurias‚
281 1619 362 1681 quas
377 1596 473 1662 modo
491 1600 612 1680 posset,
629 1597 825 1662 rescinderet
843 1601 878 1660 et
894 1597 1012 1660 inritas
1030 1597 1145 1662 faceret.

155 1684 248 1761 Quod
265 1685 453 1752 Heraclium
471 1684 602 1750 restitui
619 1685 759 1750 iusserat
777 1705 815 1750 ac
832 1705 899 1749 non
916 1685 1144 1763 restituebatur,

157 1774 302 1859 quisquis
330 1778 401 1839 erat
428 1773 561 1838 eductus
588 1776 720 1838 senator
743 1770 964 1856 Syracusanus
991 1773 1034 1837 ab
1058 1771 1146 1836 Hera-

156 1862 233 1946 clio,
261 1863 333 1929 duci
359 1863 507 1945 iubebat3
533 1862 644 1944 itaque
670 1861 825 1944 permulti
847 1859 936 1925 ducti
958 1864 1044 1925 sunt.
1081 1858 1147 1942 Epi·

157 1955 261 2015 crates
294 1949 424 2034 quidem
454 1949 606 2014 continuo
637 1952 688 2013 est
714 1948 895 2014 restitutus.
939 1945 1018 2012 Alia
1044 1945 1174 2012 indicias

156 2036 313 2119 Lilybaei,
336 2036 401 2100 alia
415 2035 599 2120 Agrigenti,
622 2036 689 2100 alia
705 2035 882 2101 Panhormi
899 2036 1055 2100 restituta
1076 2039 1146 2099 suut

157 2120 290 2205 Census,
313 2122 369 2204 qui
385 2123 450 2186 isto
469 2125 619 2205 praetore
638 2126 715 2186 sunt
733 2124 847 2206 habiti,
868 2145 936 2188 non
957 2127 1147 2189 servaturum
1181 2123 1182 2128 ’

157 2229 192 2272 se
222 2207 375 2272 Metellus
408 2208 607 2292 ostenderat,
641 2209 805 2294 decumas,
837 2232 917 2295 quas
948 2211 1012 2276 iste
1048 2214 1147 2277 contra

156 2295 262 2380 legem
290 2295 498 2360 Hieronicam
524 2296 726 2382 vendiderat,
756 2320 826 2364 sese
853 2299 1060 2366 venditurum
1084 2297 1148 2364 Hie
1180 2355 1181 2358 ,

155 2382 268 2448 ronica
285 2384 358 2470 lege
381 2383 534 2449 edixerat.
569 2383 687 2450 Omnia
710 2390 802 2452 erant
825 2387 950 2452 Metelli
972 2386 1041 2452 eius
1064 2383 1181 2464 modist

156 2474 277 2536 utnon
294 2476 364 2537 tam
382 2493 475 2537 suam
492 2476 679 2558 praeturam
698 2495 809 2558 gerere
834 2496 930 2558 quam
950 2475 1047 2541 istius
1069 2494 1147 2560 prae

156 2564 264 2626 turam
283 2564 427 2625 retexere
446 2559 619 2626 videretur.
652 2558 754 2625 Simul
773 2565 870 2646 atque
889 2584 949 2649 ego
968 2563 1004 2626 in
1017 2560 1148 2628 Siciliam
1179 2609 1180 2648 ,

104 2659 139 2708 64
157 2648 243 2732 veni,
270 2651 414 2713 mutatus
443 2652 501 2713 est.
546 2647 689 2713 Venerat
717 2649 758 2713 ad
785 2671 858 2714 cum
880 2650 939 2715 illo
962 2650 1061 2716 biduo
1083 2649 1148 2715 Lac-

155 2736 247 2802 tilius
271 2736 531 2820 quidam,l10mo
554 2757 620 2801 non
643 2736 767 2801 alienus
790 2758 810 2800 a
832 2737 966 2821 litteris3
988 2738 1098 2823 itaque
1117 2757 1148 2800 eo

156 2823 219 2888 iste
250 2823 423 2892 tabellario
456 2845 582 2909 semper
614 2846 692 2888 usus
720 2827 778 2889 est.
828 2824 861 2889 Is
892 2825 1050 2909 epistulas
1077 2831 1175 2891 com-³0

155 2912 266 2994 plures
287 2914 452 2995 attulerat,
474 2911 509 2975 in
531 2911 583 2974 his
607 2933 704 2976 unam
728 2911 834 2996 domo,
857 2934 939 2996 quae
962 2917 1070 2979 totum
1091 2933 1148 2977 mu·

156 3000 245 3062 tarat
258 2999 431 3065 hominem.
467 2999 612 3083 Repente
626 3001 734 3083 coepit
749 2999 852 3066 dicere
871 3022 906 3064 se
924 3001 1034 3066 omnia
1049 2999 1147 3066 Verris

156 3103 254 3149 causa
279 3086 377 3172 velle3
409 3086 472 3154 sibi
500 3109 572 3152 cum
601 3108 638 3152 eo
666 3087 842 3153 amicitiam
871 3089 1148 3174 cognationemque

156 3191 235 3236 esse.
266 3171 470 3240 Mirabantur
485 3196 596 3240 omnes
609 3173 671 3240 hoc
685 3175 715 3238 ei
729 3179 800 3240 tum
814 3175 950 3260 denique
965 3176 1001 3241 in
1019 3181 1147 3243 mentem

156 3259 291 3341 venisse,
309 3265 522 3345 posteaquam
536 3266 606 3327 tam
622 3263 734 3327 multis
755 3285 827 3329 eum
844 3263 940 3328 factis
959 3264 1147 3347 decretisque

155 3342 344 3424 iugulasset.
384 3347 502 3432 Erant,
526 3349 582 3431 qui
602 3353 757 3433 putarent
774 3351 949 3416 Laetilium
971 3351 1113 3438 legatum
1132 3371 1147 3414 a

156 3426 258 3490 Verre
277 3431 411 3513 venisse,
431 3436 486 3514 qui
505 3436 655 3519 gratiam,
674 3437 851 3502 amicitiam
870 3439 1147 3524 cognationemque
