2386 3938
294 155 394 215 1111
425 155 501 212 cae.
521 161 659 223 11-111
679 161 790 212 11-11.
989 157 1052 222 163

40 302 149 386 Ecquo
159 300 331 387 inoppido
346 300 460 387 pedem
473 300 593 386 posuit,
606 300 662 369 ubi
676 321 743 366 non
756 300 851 384 plura
865 304 1052 388 stuprorum

41 389 305 491 flagitiorumque
338 411 470 470 suorum
502 411 600 474 quam
633 389 791 455 adventus
827 389 876 454 sui
912 391 1053 476 vestigia

40 478 232 563 reliquerit?
287 475 351 544 Sed
384 499 446 564 ego
477 477 599 562 omnia,
632 499 714 562 quae
745 477 858 562 negari
890 481 1052 563 poterunt,

40 566 317 652 praetermittam
349 566 447 634 etiam
473 565 567 650 haec,
599 587 681 651 quae
705 565 887 631 certissima
915 571 991 630 sunt
1019 571 1053 632 et

22 654 232 739 ⁵clarissima,
256 655 452 739 relinquam3
474 677 574 720 unum
593 653 725 739 aliquod
744 653 782 718 de
800 653 934 720 nefariis
956 655 1052 742 istius

40 743 134 810 laetis
149 743 284 830 eligam,
298 765 361 828 quo
375 741 503 808 facilius
518 742 559 807 ad
573 739 717 808 Siciliam
731 742 854 828 possim
869 743 1052 830 aliquando,

41 855 118 918 quae
147 830 233 898 mihi
255 831 318 899 hoc
342 831 447 896 oneris
470 830 659 918 negotiique
681 831 851 916 imposuit,
874 833 1053 916 pervenire.

41 920 205 1007 Oppidum
227 923 279 986 est
306 919 341 989 in
363 917 578 1003 Hellesponto
601 917 830 1004 Lampsacum,
856 921 990 1004 iudices,
1017 921 1051 986 in
1071 929 1105 978 63

40 1009 153 1095 primis
181 1007 282 1074 Asiae
310 1007 497 1094 provinciae
529 1008 653 1074 clarum
686 1010 719 1072 et
749 1008 873 1092 nobile3
903 1009 1052 1075 homines

14 1101 149 1172 ruentem
176 1097 244 1184 ipsi
269 1095 483 1181 Lampsaceni
510 1118 583 1162 eum
610 1117 735 1162 summe
762 1096 796 1160 in
824 1118 935 1162 omnes
966 1098 1051 1163 cives

41 1187 206 1252 Romanos
234 1183 386 1268 officiosi,
416 1190 489 1249 tum
515 1189 683 1269 praeterea
712 1185 851 1249 maxime
884 1185 988 1250 sedati
1020 1189 1053 1250 et

43 1274 156 1360 quieti,
178 1295 282 1358 prope
305 1275 435 1358 praeter
458 1275 581 1338 ceteros
606 1272 647 1337 ad
670 1295 831 1338 summum
855 1272 1052 1340 Graecorum

43 1364 141 1428 otium
155 1362 268 1448 potius
284 1383 380 1446 quam
395 1362 437 1428 ad
454 1361 556 1426 ullam
574 1361 641 1427 vim
660 1365 718 1426 aut
735 1362 912 1427 tumultum
931 1385 1053 1428 accom-

43 1451 186 1518 modati'
223 1449 365 1534 Accidit,
392 1472 465 1515 cum
496 1449 559 1514 iste
587 1472 608 1514 a
634 1447 691 1514 Cn.
718 1447 894 1516 Dolabella
928 1451 1053 1538 efflagi-
1180 1453 1185 1466 ‘

17 1544 152 1624 stasset,
175 1543 214 1604 ut
233 1559 268 1606 se
288 1538 329 1604 ad
346 1560 457 1625 regem
475 1537 684 1604 Nicomedem
706 1559 881 1640 regemque
900 1537 1053 1606 Sadalam

46 1629 201 1712 mitteret,
233 1649 369 1712 cumque
395 1626 459 1693 iter
486 1627 548 1693 hoe
576 1626 638 1692 sibi
670 1649 775 1714 magis
808 1627 849 1692 ad
882 1633 1053 1712 quaestum

47 1739 135 1782 suum
162 1738 263 1802 quam
290 1716 331 1780 ad
358 1715 406 1780 rei
432 1714 581 1800 publicae
613 1718 742 1800 tempus
775 1712 1052 1782 accommodatum

47 1803 352 1905 depoposcissetut
372 1803 433 1869 illo
455 1804 570 1869 itinere
594 1803 718 1904 veniret
739 1801 956 1904 Lampsacum
979 1827 1052 1870 cum

17 1889 1052 2066 tttttttttltatttltttlltbtllltalsslt

48 2072 108 2136 eius
130 2071 213 2136 item
236 2069 323 2155 apud
345 2073 469 2136 ceteros
492 2069 638 2154 hospites
661 2068 870 2134 collocantur.
911 2067 959 2133 Ut
980 2091 1052 2134 mos

49 2165 111 2224 erat
136 2159 248 2243 istius,
280 2161 379 2242 atque
405 2160 443 2222 ut
472 2179 545 2223 eum
577 2179 654 2222 suae
686 2156 836 2222 libidines
868 2156 1052 2244 flagitiosae

48 2247 145 2314 lacero
158 2246 347 2331 monebant,
361 2245 475 2311 statim
491 2245 662 2332 negotium
680 2245 737 2310 dat
754 2245 822 2310 illis
841 2245 908 2310 suis
928 2247 1050 2312 comiti-

49 2335 111 2420 bus,
131 2333 341 2420 nequissimis
359 2331 621 2420 turpissimisque
638 2331 834 2418 hominibus,
854 2335 904 2399 uti
921 2335 1052 2405 videant

20 2429 77 2487 aet
92 2423 302 2510 investigent,
320 2444 421 2507 ecqua
437 2422 531 2509 virgo
551 2421 595 2486 sit
614 2425 671 2487 aut
689 2421 805 2486 mulier
823 2421 930 2508 digna,
954 2446 1050 2508 quam
1062 2480 1101 2526 ,π

50 2512 84 2576 ob
113 2534 182 2578 rem
209 2511 281 2598 ipso
306 2509 479 2598 Lampsaci
507 2509 628 2575 diutius
656 2515 919 2578 commoraretur.
968 2511 1050 2576 Erat
1062 2499 1105 2608 ᾗ

51 2622 147 2666 eomes
176 2600 246 2666 eius
273 2597 416 2667 Rubrius
443 2598 587 2683 quidam,
619 2598 717 2664 homo
745 2597 851 2665 factus
884 2598 925 2665 ad
956 2600 1051 2664 istius

52 2688 206 2774 libidines,
230 2689 285 2773 qui
307 2688 391 2754 miro
414 2687 561 2771 artifieio,
585 2707 786 2771 quocumque
808 2691 949 2770 venerat,
972 2687 1052 2752 haec

51 2777 239 2864 investigare
258 2776 368 2844 omnia
390 2776 525 2842 solebat.
565 2773 599 2841 Is
623 2775 664 2846 ad
689 2798 762 2841 eum
780 2777 915 2842 remita
934 2774 1051 2839 defert:

21 2863 270 2932 asmodamum
301 2886 372 2932 esse
404 2864 577 2949 quendam,
611 2885 742 2952 genere,
773 2865 909 2945 bonore,
941 2862 1052 2945 copiis,

54 2954 281 3020 existimatione
310 2951 404 3020 facile
435 2952 614 3038 principem
641 2951 950 3038 Lampsacenorum,
984 2949 1052 3014 eius

54 3063 112 3108 esse
133 3042 247 3125 filiam,
271 3064 353 3126 quae
376 3064 448 3108 cum
467 3043 560 3125 patre
578 3040 752 3122 habitaret,
774 3042 948 3124 propterea
967 3039 1053 3123 quod

54 3129 146 3196 virum
177 3152 245 3198 non
275 3129 425 3213 haberet,
456 3129 625 3195 mulierem
655 3128 772 3194 eximia
799 3125 1051 3212 pulchritudine,

55 3219 100 3284 sed
128 3241 200 3286 eam
233 3241 360 3284 summa
391 3218 581 3306 integritate
612 3215 832 3303 pudicitiaque
864 3214 1052 3280 existimari.
1136 3217 1138 3224 ’

24 3304 163 3396 atomo,
189 3311 227 3374 ut
253 3307 334 3373 haec
362 3306 500 3391 audivit,
527 3305 575 3372 sio
598 3304 718 3370 exarsit
742 3302 851 3387 adid,
878 3303 964 3388 quod
986 3324 1054 3368 non

56 3397 137 3464 nodo
159 3395 231 3481 ipse
252 3417 431 3480 numquam
454 3393 589 3479 viderat,
612 3392 730 3460 sedne
754 3391 901 3461 audierat
924 3391 1053 3476 quidem

57 3481 89 3548 ab
113 3508 163 3571 eo,
188 3484 243 3569 qui
270 3485 341 3568 ipse
367 3483 517 3567 vidisset,
549 3485 587 3547 ut
615 3481 727 3548 statim
756 3481 797 3546 ad
824 3479 1052 3545 Philodamum

787 3582 840 3636 11*
