2422 3952
341 200 417 256 cnr.
438 209 539 258 1c-a1
560 209 574 269 s
594 209 707 259 ca-os.
979 203 1021 268 21

41 344 84 422 est,
103 348 343 426 procuratorem
362 345 489 412 decreto
509 347 670 430 praetoris
695 347 877 431 oportuisse
900 369 1022 432 parere.

40 427 123 502 Quid?
144 430 171 494 si
189 430 232 498 M.
247 430 370 498 Brutus
389 433 640 500 intercessurum
660 455 694 500 se
714 433 796 499 dixit
818 436 937 520 palam,
959 436 1023 502 nisi

39 517 97 600 qnid
125 518 209 584 inter
243 521 352 606 ipsum
379 521 533 588 Alfenum
568 528 601 588 et
633 521 794 588 Naevium
829 523 1023 608 conveniret,

39 605 180 672 videturne
198 608 423 676 intercessisse
442 611 620 696 appellatio
639 612 845 678 tribunorum
868 632 934 692 non
957 633 1023 676 mo·

20 705 88 775 tras,
107 695 160 760 sed
182 697 299 763 auxilii
321 699 440 765 causa?

86 781 162 860 uuio
194 785 311 852 deinde
342 787 403 852 fit?
443 786 596 872 Alfenus,
627 792 664 852 ut
692 809 803 854 omnes
830 788 1021 873 intellegere

37 877 145 952 possent
176 873 297 940 iudicio
330 875 457 944 defendi
490 874 688 960 Quinctium,
721 898 762 942 ne
795 898 859 961 qua
890 877 1022 942 subesse

37 964 124 1040 posset
142 961 252 1028 aliena
271 967 327 1028 aut
345 963 448 1048 ipsius
468 963 574 1029 officio
594 967 651 1029 aut
668 964 764 1029 huius
783 965 1035 1047 existimatione,

38 1048 161 1132 suspicio,
184 1051 277 1118 viros
297 1052 399 1118 bonos
418 1053 601 1137 complures
625 1052 771 1136 advocat,
793 1056 936 1119 testatur
956 1053 1022 1118 isto

19 1135 160 1202 laudiente
193 1160 229 1204 se
264 1160 324 1222 pro
356 1141 520 1206 communi
551 1141 786 1206 necessitudine
817 1141 851 1205 id
882 1141 1023 1225 primum

37 1227 135 1309 potere,
163 1248 205 1292 ne
241 1228 320 1310 quid
354 1229 495 1294 atrocius
522 1229 558 1294 in
584 1229 619 1294 P.
643 1227 827 1304 Quinctium
856 1229 1023 1294 absentem

38 1311 88 1374 sine
99 1334 191 1380 causa
205 1315 316 1382 facere
330 1321 477 1400 conetur,
496 1317 670 1384 sinautem
686 1317 908 1386 inimicissime
925 1321 1022 1401 atque

38 1397 223 1468 infestissime
256 1405 448 1470 contendere
477 1410 675 1489 perseveret,
707 1428 741 1470 so
771 1409 922 1490 paratum
953 1426 1023 1470 esse

38 1489 103 1552 onm'
115 1495 202 1558 recta
218 1495 319 1578 atque
333 1493 471 1558 honesta
484 1494 611 1560 ratione
625 1494 803 1579 defendere,
823 1495 908 1579 quod
922 1496 1023 1578 petat,

19 1583 85 1640 lnor
100 1577 219 1663 deberi3
244 1602 280 1645 se
300 1581 452 1654 iudicium
472 1581 514 1667 id,
537 1581 624 1666 quod
647 1583 730 1667 edat,
753 1583 905 1668 accipere.
942 1582 1022 1648 Eius
1041 1591 1075 1640 67

39 1664 71 1726 rei
98 1669 356 1752 condicionisque
388 1670 528 1734 tabellas
564 1671 819 1758 obsignaverunt
850 1671 913 1736 viri
944 1670 1023 1735 boni

39 1755 202 1838 complures.
253 1755 319 1822 Res
349 1757 383 1822 in
413 1758 546 1824 dubium
574 1759 683 1824 venire
709 1781 777 1824 non
803 1762 923 1843 potest.
968 1757 1023 1822 Fit

38 1840 109 1906 rebus
134 1845 288 1910 omnibus
316 1845 454 1932 integris
482 1867 585 1933 neque
610 1846 802 1932 proscriptis
824 1866 928 1928 neque
951 1866 1023 1928 pos-

40 1929 112 1994 sessis
132 1933 240 2016 bonis,
266 1937 304 1998 ut
317 1934 453 1999 Alfenus
476 1936 650 2020 promittat
668 1934 792 1999 Naevio
817 1933 891 1997 sisti
909 1931 1023 2007 Quinc-

19 2015 107 2082 llium.
142 2019 245 2086 Venit
274 2022 315 2086 ad
341 2023 561 2089 vadimonium
585 2022 763 2100 Quinctius.
802 2021 891 2086 Iacet
914 2042 966 2086 res
989 2020 1024 2086 in

40 2109 242 2174 controversiis
270 2110 336 2175 isto
364 2111 582 2178 calumniante
610 2111 789 2194 biennium,
817 2130 918 2194 usque
947 2111 1022 2176 dum

40 2189 224 2282 inveniretur,
254 2220 319 2282 qua
344 2199 471 2266 ratione
498 2221 550 2264 res
579 2201 620 2265 ab
647 2200 771 2264 usitata
793 2198 1023 2266 consuetudine

39 2283 174 2350 recederet
206 2290 242 2350 et
268 2287 304 2352 in
330 2287 584 2374 boesingularo
612 2288 765 2354 iudicium
793 2309 890 2353 causa
918 2287 1023 2352 omnis

41 2372 267 2440 concluderetur.

19 2457 33 2502 ¹
87 2457 170 2533 Quod
197 2461 357 2547 officium,
384 2460 419 2528 O.
443 2463 569 2547 Aquili,
598 2464 846 2530 commemorari
872 2484 1022 2548 procura·
1042 2469 1075 2519 68

25 2541 27 2548 ’
43 2543 101 2609 tori·
113 2554 231 2634 potest,
252 2551 337 2634 quod
352 2551 393 2616 ab
407 2549 526 2616 Alfeno
540 2552 753 2636 praeteritum
768 2574 838 2617 esse
853 2551 1023 2617 videatur?

43 2633 96 2710 quid
116 2638 270 2722 affertur,
286 2660 385 2722 quare
407 2639 442 2703 P.
461 2638 629 2714 Quinctius
652 2644 789 2726 negetur
812 2641 930 2704 absens
954 2659 1024 2702 esse

43 2715 185 2813 defensus?
216 2726 271 2790 An
294 2748 371 2792 vero
393 2726 442 2810 id,
465 2727 550 2811 quod
573 2726 798 2810 Hortensium,
823 2728 899 2812 quia
920 2746 1023 2809 nuper

42 2807 133 2895 uicit,
155 2818 188 2879 ot
210 2815 288 2898 quia
309 2813 452 2881 Naevius
477 2838 603 2902 semper
625 2817 659 2880 id
682 2817 839 2898 clamitat,
863 2815 1023 2879 dicturum

19 2895 168 2984 larbitror,
196 2923 263 2966 non
289 2901 390 2968 fuisse
417 2901 542 2968 Naevio
570 2927 683 2988 parem
710 2903 922 2970 certationem
951 2921 1023 2966 oum

43 2979 133 3053 Alfeno
147 2990 206 3056 illo
220 2994 377 3076 tempore,
394 2991 462 3057 illis
482 2992 744 3058 dominantibus?
769 2989 860 3066 Quod
878 2989 906 3053 si
925 2988 1024 3053 velim

44 3073 173 3162 oman,
201 3078 299 3162 illud,
326 3079 454 3164 opinor,
482 3081 669 3164 concedent,
691 3101 757 3146 non
779 3079 1023 3162 procuratorem

45 3151 67 3219 Ρ·
74 3159 189 3235 Quincti
205 3167 369 3234 neminem
388 3167 498 3252 fuisse,
521 3169 577 3234 sed
596 3169 778 3255 gratiosum
795 3165 905 3232 fuisse.
941 3165 1024 3232 Mihi

46 3250 126 3316 aulem
156 3255 195 3320 ad
226 3254 418 3322 vincendum
449 3257 529 3322 satis
560 3261 610 3322 est
639 3256 740 3322 fuisse
769 3259 1023 3341 procuratorem,

26 3335 145 3412 *ilicum
158 3343 371 3428 experiretur3
393 3345 497 3428 qualis
514 3345 543 3409 is
561 3344 669 3429 fuerit,
693 3344 720 3409 si
739 3342 835 3409 modo
855 3343 1022 3408 absentem

45 3417 206 3496 'defendebat
224 3452 283 3516 per
305 3431 355 3498 ius
380 3435 415 3496 et
436 3454 495 3518 per
517 3433 762 3518 magistratum,
784 3431 867 3497 nihil
891 3431 931 3496 ad
953 3451 1022 3494 rem

1033 755 1075 884 a

49 3509 157 3582 arbitror
177 3520 348 3616 pertinere.
