2404 3928
145 139 211 206 364
448 135 488 190 IN
507 136 535 192 G.
550 135 704 191 VERREM
722 135 802 191 hor.
822 135 856 191 H.

107 255 124 317 1

112 332 125 379 1
210 281 315 348 Venio
341 303 428 348 nunc
453 281 495 347 ad
520 280 628 363 istius,
656 301 754 364 quem
782 281 822 345 ad
849 281 980 346 modum
1001 281 1066 365 ipse
1085 304 1132 366 ap·

144 372 261 457 pellat,
289 370 445 455 studium,
469 374 508 436 ut
530 368 625 434 amici
648 368 731 453 eius,
754 369 905 434 morbum
928 372 962 433 et
982 369 1133 450 insaniam,

145 463 184 524 ut
215 457 328 544 Siculi,
364 458 584 540 latrocinium
619 477 680 542 ego
718 478 783 542 quo
818 457 950 522 nomine
984 459 1133 543 appellem,

146 548 268 631 nesci03
296 567 365 612 rem
391 547 485 612 vobis
512 565 706 630 proponam
734 566 793 610 vos
817 566 890 610 eam
912 566 985 629 suo,
1010 567 1073 611 uon
1091 567 1134 610 no

147 637 243 702 minis
270 634 412 720 pondere
438 633 613 718 penditote.
653 631 763 698 Genus
790 633 898 718 ipsum
924 633 1017 719 prius
1038 655 1135 722 cogno
1158 651 1169 691 e

148 725 237 809 scite,
258 723 393 806 iudicem
416 721 529 787 deinde
546 720 687 786 fortasse
707 743 774 786 non
796 743 916 808 magno
941 743 1038 808 opere
1060 744 1140 806 quae-

146 813 239 895 retis,
267 833 330 895 quo
357 810 391 875 id
417 810 549 876 nomine
576 809 806 895 appellandum
828 811 961 894 putetis.
1004 809 1140 898 Negoin

147 898 258 966 Sicilia
279 903 365 985 tote,
391 902 460 964 tem
482 898 651 983 locupleti,
678 902 747 963 tam
770 902 879 964 vetere
901 899 1080 984 provincia,
1099 901 1140 962 tet

147 987 289 1074 oppidis,
315 991 368 1052 tot
393 986 529 1052 familiis
555 991 625 1052 tam
653 986 806 1071 copiosis,
833 987 938 1051 ullum
967 991 1140 1074 argenteum

147 1099 219 1163 vas,
248 1077 353 1142 ullum
382 1074 587 1142 Corinthium
619 1078 677 1140 aut
706 1073 876 1140 Deliacum
907 1074 1024 1160 fuisse,
1053 1077 1172 1140 ullane

149 1187 312 1252 gemmam
326 1168 384 1230 aut
397 1164 619 1250 margaritam,
637 1163 811 1248 quicquam
828 1184 868 1227 ex
885 1185 966 1229 euro
985 1167 1044 1230 aut
1060 1165 1143 1229 ebore

148 1253 280 1338 factum,
299 1253 429 1338 signum
443 1252 547 1317 ullum
563 1257 707 1336 aeneum,
725 1273 954 1337 marmoreum,
972 1252 1144 1334 eburneum,

147 1363 233 1428 nego
250 1341 353 1406 ullam
371 1340 535 1424 picturam
551 1360 655 1424 neque
673 1340 707 1404 in
725 1340 838 1405 tabula
857 1361 963 1424 neque
985 1340 1021 1404 in
1042 1340 1145 1421 textili,

149 1431 227 1512 quin
249 1428 472 1512 conquisierit,
498 1427 688 1513 inspexerit,
716 1428 803 1511 quod
825 1428 984 1512 placitum
1007 1428 1063 1513 sit,
1084 1428 1145 1492 ahs

113 1529 130 1576 2
148 1516 270 1582 tulerit
310 1515 468 1601 Magnum
482 1516 594 1583 videor
609 1515 726 1599 dicere;
749 1515 906 1580 attendite
930 1517 1041 1602 otiam,
1061 1538 1145 1602 quem
1157 1529 1175 1570 ¹⁵

149 1605 190 1670 ad
222 1603 354 1670 modum
386 1603 499 1670 dicam.
547 1603 736 1670 Non‘enim
764 1604 856 1670 verbi
881 1625 987 1690 neque
1015 1605 1145 1672 criminis

150 1692 290 1780 augendi
325 1713 423 1760 causa
453 1693 651 1778 complector
682 1692 806 1777 omnia3
841 1714 942 1777 quom
973 1695 1045 1760 dico
1074 1693 1146 1758 nihil
1189 1747 1190 1774 ,

149 1783 250 1848 istum
280 1781 347 1848 eius
375 1781 463 1846 modi
489 1803 598 1847 rerum
623 1780 659 1845 in
685 1783 757 1846 tota
783 1782 952 1866 provincia
979 1783 1145 1868 reliquisse,
1189 1777 1190 1802 ¹

149 1871 265 1936 Latine
301 1893 353 1936 me
389 1871 519 1954 scitote,
554 1878 631 1934 non'
656 1869 854 1936 accusatorie
890 1871 991 1954 loqui.
1047 1871 1146 1937 Etiam

149 1960 292 2044 planius:
323 1958 406 2022 nihil
433 1959 468 2021 in
495 1958 628 2022 aedibus
655 1957 858 2043 cuiusquam,
887 1980 929 2023 ne
956 1959 992 2023 in
1018 1959 1176 2042 hospitae

151 2047 289 2131 quidem,
306 2045 389 2109 nihil
402 2045 437 2109 in
455 2045 535 2110 locis
554 2046 787 2130 communibus,
804 2067 846 2111 ne
863 2046 1003 2112 infamis
1021 2048 1145 2133 quidem,
1188 2069 1189 2102 l

149 2135 233 2199 nim
252 2133 337 2216 apae
355 2130 506 2216 siculum,
528 2132 612 2196 unu
631 2135 718 2217 apae
736 2134 838 2200 civem
856 2133 1050 2220 Romanum,
1072 2134 1145 2200 een·

151 2243 212 2306 que
230 2220 313 2284 nihil
331 2220 440 2303 istum,
462 2220 549 2304 quod
568 2220 608 2284 ad
631 2223 742 2287 oculos
765 2222 974 2306 animumque
998 2223 1145 2302 acciderit,

149 2330 253 2394 nequo
271 2307 392 2392 privati
408 2329 513 2391 neque
530 2309 653 2393 publici
671 2331 774 2396 neque
793 2310 925 2395 profani
946 2333 1052 2398 neque
1073 2309 1145 2377 sacri

150 2401 223 2464 tota
243 2396 280 2462 in
301 2393 411 2462 Sicilia
433 2396 612 2482 reliquisse.
1153 2409 1170 2449 ²⁵

116 2498 132 2548 3
216 2485 311 2552 Unde
337 2485 440 2570 igitur
462 2485 571 2569 potius
593 2486 746 2570 incipiam
769 2508 867 2571 quam
890 2488 932 2552 ab
956 2509 996 2554 ea
1018 2489 1143 2568 ciuitate,
1187 2451 1188 2541 i

151 2595 234 2659 quac
254 2573 317 2637 tibi
339 2594 404 2639 una
426 2573 461 2637 in
483 2595 593 2639 amore
616 2578 713 2659 atque
735 2575 771 2638 in
793 2575 916 2642 deliciis
939 2575 1017 2661 fnit,
1041 2580 1096 2643 aut
1113 2593 1143 2636 er

151 2685 215 2747 quo
242 2661 351 2748 potius
378 2682 512 2727 numero
537 2684 635 2746 quam
657 2684 696 2728 ex
718 2663 798 2748 ipsis
821 2664 1048 2730 laudatoribus
1070 2659 1142 2730 tuis?

149 2750 291 2818 Facilius
310 2749 395 2815 enim
414 2749 635 2836 perspicietur,
658 2752 764 2835 qualis
784 2751 870 2836 apud
892 2773 947 2817 cos
969 2752 1079 2837 fueris,
1099 2745 1142 2834 qni
1186 2771 1187 2847 p

150 2843 184 2905 te
216 2840 366 2922 oderunt,
402 2838 457 2922 qui
489 2843 654 2924 accusant,
691 2840 746 2924 qui
777 2844 1029 2927 persequuntur,
1061 2847 1169 2925 quom³⁰

150 2929 237 3013 apud
256 2931 331 2993 tuos
348 2925 560 2992 Mamertinos
583 2927 746 2992 inveniare
768 2927 1011 3012 inprobissuma
1032 2929 1142 2994 ratione

110 3015 221 3086 2esse
242 3015 425 3101 praedatus.
462 3012 497 3080 O.
514 3013 616 3080 Heius
640 3020 691 3081 est
708 3016 920 3080 Mamertinus
944 3013 1072 3104 (omnes
1092 3015 1140 3078 hoe

151 3101 245 3184 mihi,
281 3103 336 3187 qui
367 3103 552 3168 Messanam
584 3107 800 3189 accesserunt,
834 3103 931 3169 facile
966 3094 1140 3180 concedunt)

150 3189 301 3254 omnibus
332 3192 428 3257 rebus
458 3191 518 3257 ills
543 3190 579 3255 in
605 3192 736 3258 civitate
770 3193 1007 3260 ornatissimus.
1050 3187 1138 3258 Huius

150 3275 265 3340 domus
298 3282 348 3341 est
375 3279 428 3344 sel
454 3283 589 3364 optuma
615 3277 798 3364 Messanae,
828 3281 1002 3346 notissima
1029 3277 1185 3365 quideme,

150 3363 243 3457 certe.
268 3365 304 3459 et
336 3366 457 3428 nostris
494 3366 681 3432 hominibus
716 3368 924 3453 apertissima
955 3369 1136 3446 maximeque

149 3445 332 3526 hospitalis.
381 3449 431 3512 Ea
463 3451 577 3517 domus
610 3459 686 3520 ante
715 3456 811 3521 istius
840 3457 1014 3523 adventum
1041 3452 1136 3521 ornate
