2470 3936
328 897 334 906 '
417 917 466 994 u.
490 917 633 992 uuum
660 873 910 993 ciceronis

182 1063 420 1172 leucius
451 1081 509 1168 uu
541 1081 585 1168 o.
613 1083 834 1168 venenu
866 1080 1138 1169 succuum

483 1247 616 1316 umen
639 1221 841 1335 cumnis,

348 1387 426 1455 -QUI
443 1387 674 1444 INSCRIBITUR
691 1387 741 1442 Dll
760 1387 965 1445 SUPPLIOIIS.

609 1535 715 1543 ———

460 1653 865 1721 ARGUMENTUM.
998 1647 1003 1652 ’

230 1776 334 1843 Quinto
355 1777 410 1831 hoc
433 1777 619 1832 accusationis
636 1775 709 1830 libro
727 1776 764 1830 M.
781 1775 891 1844 Cicero,
915 1777 991 1846 quod
1009 1794 1089 1834 reum
1107 1778 1160 1850 opi·

158 1849 242 1904 nione
264 1848 306 1903 rei
326 1847 457 1903 militaris
481 1851 591 1902 strenue
614 1847 828 1902 administratae
849 1846 962 1902 defendi
980 1851 1010 1903 et
1028 1865 1161 1904 commen-

159 1920 222 1974 dari
246 1919 385 1976 iudicibus
412 1918 539 1985 ridebat,
566 1934 638 1986 quae
665 1917 702 1971 ad
726 1933 789 1972 eam
814 1934 874 1973 rem
897 1921 1040 1988 spectant,
1069 1936 1102 1975 ea
1124 1920 1162 1974 ita

158 1990 344 2060 persequitur,
361 1993 463 2046 utnon
481 1989 564 2044 modo
582 1988 774 2044 laudationem
792 2005 903 2045 omnem
921 1989 1022 2045 tollere
1042 1991 1161 2058 conetur,

158 2077 257 2116 verum
270 2079 304 2116 ex
316 2062 371 2115 hoc
384 2060 445 2130 ipso
459 2061 522 2116 loco
540 2058 707 2130 gravissima
723 2057 879 2118 inVerrem
897 2060 1016 2116 crimina
1034 2061 1161 2133 colligere

160 2133 279 2186 studeat.
311 2129 384 2185 Dein
400 2133 493 2185 totam
510 2147 624 2186 causam
641 2131 761 2200 perorat

121 2300 140 2426 ξ
224 2324 357 2393 Nemini
387 2325 481 2393 video
513 2326 646 2392 dubium
678 2348 761 2410 esso,
797 2326 931 2412 iudices,
966 2329 1046 2413 quin
1076 2351 1160 2413 aper

159 2414 285 2480 tissime
313 2412 349 2480 Ο.
366 2413 487 2482 Verres
513 2417 548 2483 in
571 2415 682 2482 Sicilia
709 2437 802 2482 sacra
827 2415 1031 2501 prosuntque
1057 2419 1159 2484 omnis
1217 2483 1218 2488 ,

159 2508 193 2570 et
220 2504 375 2590 privatim
402 2507 436 2569 at
462 2504 592 2590 publice
618 2503 769 2588 spoliarit
792 2508 1005 2589 versatusque
1029 2506 1073 2571 sit
1094 2507 1159 2571 sino

159 2594 228 2660 ulla
247 2614 315 2658 non
337 2592 433 2660 modo
455 2593 626 2678 religione,
649 2613 761 2658 verum
784 2592 883 2658 otiam
906 2593 1156 2660 dissimulatione

159 2681 194 2746 in
208 2681 297 2746 omni
311 2701 428 2766 genere
446 2681 574 2746 iurandi
592 2683 689 2764 atque
708 2679 892 2764 praedandi.
924 2678 988 2748 Sed
1006 2683 1179 2767 quoedams

160 2769 242 2834 mihi
267 2769 442 2855 magnifice
467 2772 500 2833 et
522 2768 689 2854 praeclara
711 2768 779 2832 eius
802 2768 946 2834 defensio
969 2770 1156 2854 ostenditur3

159 2859 211 2923 oui
239 2879 335 2941 quem
363 2857 404 2922 ad
429 2856 560 2922 modum
582 2855 747 2939 resistam,
774 2857 878 2922 multo
902 2857 984 2922 mihi
1007 2863 1081 2924 anto
1103 2864 1156 2944 cst,

158 2945 294 3030 iudices,
325 2944 569 3031 providendum.
614 2942 667 3008 Ita
699 2942 784 3008 enim
816 2965 915 3011 causa
946 2947 1155 3032 constituitur,

158 3033 359 3115 provinciam
374 3031 523 3099 Siciliam
541 3033 662 3096 virtute
685 3031 781 3096 istius
805 3037 838 3097 et
860 3033 1035 3120 vigilantia
1057 3036 1154 3122 singu·

159 3120 223 3184 lari
259 3121 364 3186 dubiis
400 3120 684 3204 formidolosisque
720 3120 923 3205 temporibus
960 3144 980 3188 a
1014 3121 1151 3210 fugitivis
1164 3151 1186 3190 u

124 3209 258 3288 eatque
286 3230 306 3272 a
337 3209 417 3274 belli
447 3209 599 3294 periculis
630 3210 737 3273 tutam
767 3227 836 3273 esee
864 3214 1037 3275 servatam.
1079 3211 1152 3290 Quid

158 3313 270 3439 1agam,
297 3295 440 3362 iudices?
472 3318 537 3380 quo
560 3295 775 3397 accusationis
798 3319 888 3398 meae
910 3298 1069 3401 rationem
1088 3321 1151 3366 con·

160 3384 1150 3561 sltlnffittlatllutttztttztpsslltl
