2392 3944
284 208 351 262 affl.
370 208 398 262 11
425 208 502 264 cAP.
522 213 626 263 ιιι-ιι
646 213 661 274 s
680 215 810 264 95-101.
987 209 1054 274 235

56 353 156 437 patris
188 373 259 416 esse
291 351 468 436 debuisset3
499 373 572 418 cum
604 374 681 418 vero
713 353 771 416 abs
800 355 835 416 te
861 351 911 416 tui
938 353 1054 437 capitis

56 461 149 506 causa
165 443 291 524 peteret
310 440 521 524 hominesque
544 445 650 506 certos
673 440 769 505 domo
792 439 935 504 misisset
956 441 1055 525 hique

55 550 91 593 eo
113 533 257 612 tempore
280 527 321 594 ad
343 532 378 593 te
399 529 573 613 venissent,
595 549 668 594 cum
690 529 753 593 tibi
774 528 809 593 in
830 528 960 615 integro
983 533 1055 594 tota
1133 559 1136 566 ’

54 637 104 682 res
130 620 230 700 esset,
257 637 297 680 ne
323 620 395 681 tum
423 617 551 700 quidem
578 620 612 681 te
637 617 747 701 potuit
775 616 803 680 si
825 638 891 682 non
913 617 1055 702 pietatis,

30 709 88 770 tat
113 705 230 770 salutis
257 709 334 770 tuae
360 704 447 769 ratio
474 703 515 770 ad
540 703 682 770 officium
705 705 942 788 sanitatemque
964 704 1055 770 redu·

54 793 143 858 cere?
190 791 279 858 Citat
305 813 409 877 reum3
436 813 503 858 non
523 792 704 878 respondit3
732 793 812 859 citat
835 797 1055 859 accusatorem

54 879 234 966 (attendite,
258 901 388 965 quaeso,
410 880 540 963 iudices,
563 883 684 965 quanto
709 901 805 965 opere
827 882 922 946 istius
946 901 1055 947 amen-

53 969 116 1034 tiae
141 968 276 1034 fortuna
299 969 372 1054 ipsa
397 968 569 1034 adversata
592 969 649 1052 sit,
676 972 710 1033 et
732 969 830 1034 simul
852 970 971 1054 videte,
1000 970 1056 1054 qui

54 1055 164 1122 Stheni
184 1077 314 1122 causam
337 1077 431 1122 casus
455 1053 642 1142 adiuuerit),
665 1057 784 1122 citatus
808 1061 989 1140 aecusator,
1011 1057 1054 1122 M.

23 1144 206 1228 uPacilius,
232 1145 340 1210 nescio
368 1166 432 1228 qno
459 1165 536 1210 casu
560 1164 625 1209 non
647 1143 829 1229 respondit,
854 1165 920 1210 non
943 1144 1056 1210 adfuit.

54 1231 85 1298 Si
110 1253 266 1319 praesens
290 1231 442 1298 Sthenius
469 1253 544 1298 reus
571 1236 659 1298 esset
682 1232 802 1316 factus,
829 1233 859 1296 si
881 1231 1055 1298 manifesto
1074 1245 1107 1295 ss

53 1323 85 1386 in
119 1321 281 1387 maleficio
313 1325 490 1404 teneretur,
525 1325 649 1406 tamen,
685 1343 758 1386 cunr
790 1326 959 1386 accusator
989 1343 1056 1386 non

55 1411 189 1493 adesset,
209 1407 379 1476 Sthenium
398 1409 604 1474 condemnari
620 1429 687 1474 non
705 1413 879 1494 oporteret.
915 1408 1056 1494 Etenim,

55 1497 80 1562 si
109 1501 222 1583 posset
254 1517 328 1561 rcus
360 1497 494 1562 absente
524 1501 711 1566 accusatore
737 1497 959 1582 condemnari,
989 1519 1056 1564 non

24 1601 111 1672 tego
139 1609 160 1651 a
178 1583 306 1651 Vibone
324 1584 453 1650 Veliam
479 1586 617 1671 parvulo
641 1585 773 1672 navigio
795 1586 882 1650 inter
903 1586 1056 1673 fugitivo

55 1697 121 1739 rum
149 1695 189 1739 ac
214 1673 414 1758 praedonum
442 1695 478 1738 ac
505 1678 563 1739 tua
589 1673 657 1738 tela
684 1674 858 1756 venissem,
885 1695 949 1758 quo
976 1679 1056 1738 tem·

55 1785 127 1846 pore
154 1762 261 1827 omnis
286 1762 347 1826 illa
374 1782 446 1826 mea
467 1761 636 1828 festinatio
657 1757 722 1826 fuit
744 1781 817 1826 cum
839 1762 983 1845 periculo
1007 1784 1056 1826 ca

55 1851 127 1932 pitis
147 1851 282 1915 obeam
304 1869 444 1933 causam,
466 1869 506 1914 ne
528 1854 565 1914 tu
589 1869 628 1914 ex
650 1848 714 1912 reis
737 1849 920 1930 eximerere,
943 1848 972 1912 si
994 1869 1056 1934 ego

56 1939 92 2002 ad
109 1939 197 2003 diem
214 1959 281 2002 non
300 1937 483 2002 adfuissem.
524 1936 618 2013 Quod
639 1936 741 2022 igitur
764 1935 826 2000 tibi
849 1940 920 2000 erat
941 1936 977 2000 in
999 1941 1056 2001 tuo

26 2025 168 2092 uindicio
202 2026 457 2110 optatissimum,
488 2045 554 2110 me,
585 2046 658 2090 cum
689 2025 810 2090 citatus
842 2045 961 2109 essem,
990 2046 1057 2090 non

56 2116 178 2198 adesse,
209 2135 267 2194 cur
293 2111 428 2178 Sthenio
457 2134 525 2179 non
556 2113 681 2198 putasti
711 2112 866 2199 prodesse
898 2117 1057 2198 oportere,

56 2224 123 2267 cum
155 2202 225 2266 eius
258 2207 427 2267 aecusator
453 2221 518 2266 non
546 2200 713 2266 affuisset?
757 2201 873 2285 Itaque
899 2201 989 2286 fecit,
1020 2206 1057 2266 ut

58 2291 156 2356 exitus
171 2290 330 2374 principio
345 2289 530 2354 simillimus
548 2289 756 2374 reperiretur,
775 2310 870 2373 quem
890 2291 1057 2355 absentem

57 2399 141 2443 reum
178 2378 313 2461 fecerat,
354 2399 428 2442 eum
464 2378 597 2442 absente
634 2381 821 2442 accusatore
857 2378 1057 2444 condemnat.

29 2481 47 2522 a
117 2465 342 2532 satiabatur
358 2465 415 2530 aas
436 2466 551 2550 primis
573 2466 641 2530 nus
663 2464 875 2549 temporibus,
896 2466 931 2530 ιι
954 2466 1041 2549 quoe
1060 2435 1110 2562 ,403

57 2559 143 2638 pater
168 2574 296 2638 quoque
320 2553 361 2618 ad
383 2575 457 2618 eum
479 2553 628 2636 pluribus
651 2554 760 2618 verbis
783 2553 967 2639 scripserat,
990 2554 1057 2638 agi·

56 2647 154 2708 tutam
173 2664 244 2706 rem
263 2661 333 2706 esse
351 2641 386 2706 in
404 2646 531 2724 senatu3
553 2643 653 2707 etiam
670 2641 705 2704 in
723 2642 873 2706 contione
890 2641 1058 2705 tribunum

57 2731 155 2814 plebis
180 2731 220 2795 de
243 2751 341 2795 causa
360 2727 488 2813 Stheni,
511 2729 555 2795 M.
573 2717 777 2813 Numanum,
800 2749 870 2794 esse
894 2717 1058 2812 queshffim

58 2809 545 2903 poffirffip'su‘m‘apud
569 2818 632 2883 hoc
654 2817 830 2902 collegium
852 2816 1057 2880 tribunorum

30 2907 167 2990 optetis,
188 2923 263 2972 cum
286 2927 396 2970 eorum
419 2906 563 2971 omnium
587 2905 692 2971 edicto
715 2927 781 2977 non
803 2904 916 2969 liceret
933 2901 1057 2967 Romae

58 3015 246 3079 quemquam
274 3015 358 3078 esse,
385 2995 441 3078 qui
462 2995 510 3059 rei
533 2995 683 3080 capitalis
707 2991 938 3058 condemnatus
962 2995 1057 3071 esset,

58 3084 156 3168 egisse
184 3103 315 3148 causam
339 3079 467 3165 Stheni,
494 3086 541 3166 et,
568 3105 641 3147 cum
666 3080 805 3145 remita
828 3078 1057 3162 exposuissem,

58 3189 146 3252 quem
175 3171 216 3236 ad
239 3170 370 3236 modum
392 3191 477 3235 nunc
499 3171 585 3254 apud
607 3191 680 3252 vos,
707 3167 951 3251 docuissemque
973 3168 1058 3232 hanc

59 3257 291 3324 damnationem
326 3258 396 3324 duci
427 3279 494 3323 non
522 3261 685 3343 oportere,
718 3273 743 3318 x
775 3254 923 3320 tribunos
951 3255 1057 3339 plebis

33 3343 114 3412 ehoe
127 3347 291 3431 statuisse,
308 3346 404 3430 idque
419 3347 458 3410 de
472 3347 618 3411 omnium
633 3343 794 3410 sententia
810 3342 1057 3428 pronuntiatum

61 3453 135 3498 esse:
161 3433 243 3501 Nou
270 3451 392 3500 umam
420 3432 605 3499 Srnnulun
632 3449 792 3498 lurnunu
814 3447 959 3514 amoro,
987 3447 1058 3508 Quo

61 3535 157 3590 mnus
178 3523 358 3590 ultorum
377 3537 526 3588 mossur
545 3537 638 3587 assu.
674 3519 757 3585 Oum
774 3519 855 3584 haec
876 3519 917 3584 cd
939 3519 1039 3582 istam
1060 3526 1105 3574 ror
