2404 3928
152 166 218 232 388
452 162 862 219 mcmvuununneuu

151 332 225 376 rare
250 310 424 376 rideretur.
462 307 564 374 Nulla
587 308 738 372 domus
727 330 765 372 ιιι
787 306 898 383 Sicilia
920 310 1063 396 locuples
1082 309 1146 392 fuit,

99 413 134 462 5⁹
152 400 210 464 nbi
234 400 298 464 iste
323 419 392 465 non
417 398 595 462 textrinum
616 396 810 461 instituerit
853 397 973 463 Mulier
995 401 1044 463 est
1065 395 1149 484 Sege-

151 493 249 642 staua
261 488 409 572 perdives
423 490 457 551 et
467 485 599 568 nobilis,
615 483 734 550 lamia
747 485 892 570 nomine3
908 508 969 571 per
985 486 1151 552 triennium

151 577 335 678 rstiplena
361 575 458 640 domo
484 535 625 638 telarnin
652 574 837 658 stragulam
865 579 990 640 vestem
1016 575 1152 658 confecit,

151 665 282 730 nihil
248 686 314 728 nasu
304 662 500 747 'conchylio
517 662 668 744 tinctum,
682 660 828 746 Attalus,
845 662 945 728 homo
963 664 1175 748 pecuniosns,s

152 753 244 836 Noti,
283 751 370 836 Lyso
409 750 571 834 Lilybaei,
614 747 781 816 Critolaus
815 750 955 836 Aetnae,
996 749 1154 836 Syracusis

153 839 320 923 Aeschrio,
336 838 535 922 Cleomenes,
551 837 804 923 Theomnastus,
822 839 938 906 Helori
950 839 1156 907 Archonidas.

152 929 232 994 Dies
249 949 303 991 me
321 927 418 993 citius
435 926 590 992 defecerit
613 947 712 1010 quam
733 928 942 992 nomina—
966 928 1042 1030 Ipse
1065 929 1155 993 dabat

152 1038 341 1103 purpuram,
357 1020 488 1082 tautum
506 1035 650 1115 operam
657 1016 827 1081 amici—
853 1015 1004 1100 Gredo3'
993 1039 1061 1082 rem
1078 1017 1156 1081 enim

153 1128 220 1171 non
246 1105 329 1170 libet
356 1105 466 1170 omnia
487 1102 666 1186 criminari3
694 1106 789 1187 quasi
811 1126 887 1170 vero
909 1104 974 1172 hoc
995 1105 1077 1170 mihi
1097 1123 1186 1169 nouo

154 1195 237 1260 satis
255 1195 299 1258 sit
309 1194 359 1258 ad
377 1194 507 1275 crimen,
525 1191 679 1255 habuisse
697 1197 767 1256 tam
786 1193 936 1276 multum,
959 1194 1048 1276 quod
1065 1194 1158 1276 duret,

154 1283 297 1347 voluisse
316 1283 488 1366 deportare
505 1284 575 1344 tarn
592 1280 708 1363 multa,
729 1281 793 1346 hcc
814 1281 961 1366 denique,
983 1281 1071 1365 qnod
1091 1303 1159 1346 con-

155 1370 254 1450 cedit,
285 1371 463 1434 amicorum
494 1367 602 1452 operis
633 1389 704 1432 esse
730 1369 766 1432 in
792 1369 925 1434 huiusce
953 1370 1043 1435 modi
1068 1371 1159 1434 rebus

103 1473 137 1521 sc
154 1479 259 1522 usum.
302 1457 375 1522 Iam
399 1479 477 1522 vero
504 1457 605 1521 lectos
632 1459 761 1520 aeratos
789 1460 823 1521 et
848 1457 1045 1522 candelabra
1065 1463 1160 1523 atum

153 1567 234 1610 num
256 1545 308 1610 cui
330 1548 460 1628 praeter
481 1544 582 1609 istum
605 1541 773 1628 Syracusis
795 1566 855 1629 per
876 1545 1055 1610 triennium
1076 1545 1189 1610 factas

156 1655 227 1699 esse
249 1633 465 1698 existimatis?
496 1669 534 1680 -
562 1631 712 1698 limabat
738 1669 784 1682 -·
811 1631 929 1717 Ored03
957 1633 1014 1698 sed
1037 1637 1160 1698 tanturn

155 1744 215 1788 vos
247 1723 415 1804 certiores,
445 1721 580 1804 iudices,
611 1720 710 1804 facio,
742 1721 909 1804 quidiste
936 1721 972 1785 iu
999 1722 1160 1806 provincia

156 1815 290 1896 praetor
317 1810 434 1897 egerit,
459 1831 501 1874 ne
523 1809 575 1874 cni
596 1809 681 1875 forte
702 1810 881 1896 neglegens
903 1809 1043 1874 nimium
1066 1809 1160 1875 fuisse

156 1900 306 1965 rideatur
335 1919 440 1983 neque
471 1918 506 1961 sc
538 1897 633 1981 satis,
667 1919 741 1962 cum
773 1901 971 1982 potestatem
1004 1897 1160 1978 habuerit,

157 1988 352 2052 instruxisse
374 1989 408 2050 et
430 2005 572 2052 ornasse.
1171 2001 1192 2042 a

105 2074 147 2138 27
224 2075 329 2139 Venio
347 2095 433 2138 nunc
449 2095 518 2138 non
533 2074 600 2137 iam
618 2072 660 2137 ad
676 2071 811 2156 furtum,
832 2094 899 2138 non
918 2073 960 2139 ad
982 2075 1160 2156 avaritiam,

156 2184 224 2227 nou
241 2162 283 2226 ad
302 2161 522 2246 cupiditatem,
545 2160 602 2225 sed
619 2160 660 2224 ad
682 2161 751 2224 eins
774 2161 863 2226 modi
883 2160 1021 2245 facinus,
1043 2163 1081 2227 in
1102 2183 1160 2245 quo

158 2249 268 2315 omnia
294 2249 420 2313 nefaria
446 2249 605 2314 contineri
631 2247 713 2312 mihi
735 2251 833 2333 atque
855 2249 963 2314 inesse
985 2250 1160 2332 videantur,

85 2341 90 2350 '
157 2337 193 2404 in
221 2359 284 2422 quc
312 2337 346 2401 di
366 2337 570 2402 immortales
592 2337 721 2420 violati,
749 2337 948 2402 existimatio
972 2342 1072 2422 atque
1094 2358 1159 2402 anc-

158 2427 276 2491 toritas
307 2425 448 2490 nominis
473 2425 587 2510 populi
613 2423 753 2490 Romani
778 2425 953 2508 inminuta,
985 2427 1190 2511 hospitium*

159 2515 337 2600 spoliatum
351 2535 389 2578 ac
402 2513 575 2597 proditum,
593 2513 770 2578 abalienati
783 2514 903 2578 scelere
917 2514 1014 2579 istius
1034 2537 1054 2580 a
1070 2513 1158 2580 nobis

159 2625 270 2670 omnes
298 2623 392 2688 reges
419 2600 609 2666 amicissimi
632 2601 862 2686 nationesque,
888 2624 973 2686 quae
994 2603 1033 2666 in
1054 2622 1158 2668 eorum

107 2706 140 2755 cl
159 2714 261 2778 regno
298 2712 334 2755 ac
371 2690 496 2756 dicione
532 2694 617 2754 sunt.
665 2688 752 2754 Nam
787 2711 881 2774 reges
915 2689 1043 2774 Syriae,
1077 2689 1158 2775 regis

159 2779 314 2845 Antiochi
331 2779 417 2843 filios
440 2799 567 2862 pueros,
590 2778 681 2842 scitis
699 2777 822 2843 Rom'ae
845 2800 948 2863 nuper
970 2779 1086 2863 fuisse3
1110 2776 1159 2862 qui

159 2871 315 2932 venerant
345 2889 411 2932 non
442 2871 575 2951 propter
603 2863 716 2950 Syriae
747 2887 884 2952 regnum
908 2865 998 2951 (nam
1031 2867 1065 2931 id
1096 2867 1190 2931 sines

160 2955 381 3022 controversia
408 2955 614 3038 obtinebant,
645 2958 682 3019 ut
713 2977 732 3019 a
759 2959 852 3038 patre
880 2959 914 3018 et
940 2977 961 3020 a
988 2954 1159 3020 maioribus

160 3041 378 3130 acceperant),
397 3043 453 3108 sed
473 3063 610 3142 regnum
619 3041 764 3128 Aegypti
737 3041 828 3107 tad
851 3065 886 3108 se
909 3047 943 3108 et
965 3044 1008 3108 ad
1022 3041 1158 3122 Selenen,

160 3134 299 3195 matrem
318 3152 419 3214 suam,
438 3129 600 3216 pertinere
618 3131 872 3196 arbitrabantur.
904 3131 933 3196 Ii
951 3136 1158 3217 posteaquam

160 3219 361 3300 temporibus
393 3219 441 3282 rei
471 3218 620 3303 publicae
648 3217 769 3284 exclusi
795 3241 854 3303 per
881 3224 1033 3285 senatum
1059 3238 1157 3306 agere,

161 3325 243 3386 quae
265 3306 445 3388 voluerant,
467 3327 534 3371 nou
555 3307 772 3390 potueruut,
762 3329 797 3370 m
818 3305 980 3392 Syriam
970 3331 1006 3374 m
1028 3315 1188 3394 regnunt

160 3388 303 3471 patrium
329 3392 468 3487 profecti
495 3398 579 3458 sunt
623 3394 747 3462 Eorum
775 3396 872 3480 alter,
900 3397 956 3481 qui
983 3395 1155 3462 Antiochus

160 3476 307 3553 vocatur,
337 3475 401 3538 iter
431 3499 490 3560 per
517 3476 661 3547 Siciliam
692 3481 799 3549 facere
830 3484 990 3550 voluitt
961 3489 1071 3570 itaque
1097 3484 1156 3547 istc
