<?xml version="1.0" encoding="UTF-8"?>
<!DOCTYPE html PUBLIC "-//W3C//DTD XHTML 1.0 Transitional//EN"
    "http://www.w3.org/TR/xhtml1/DTD/xhtml1-transitional.dtd">
<html xmlns="http://www.w3.org/1999/xhtml" xml:lang="en" lang="en">
 <head>
  <title>
</title>
<meta http-equiv="Content-Type" content="text/html;charset=utf-8" />
  <meta name='ocr-system' content='tesseract 3.04.00' />
  <meta name='ocr-capabilities' content='ocr_page ocr_carea ocr_par ocr_line ocrx_word'/>
</head>
<body>
  <div class='ocr_page' id='page_1' title='image "./mtulliiciceroni02mlgoog/mtulliiciceroni02mlgoog_0399.png"; bbox 0 0 2402 3936; ppageno 0'>
   <div class='ocr_carea' id='block_1_1' title="bbox 154 146 862 216">
    <p class='ocr_par' dir='ltr' id='par_1_1' title="bbox 154 146 862 216">
     <span class='ocr_line' id='line_1_1' title="bbox 154 146 862 216; baseline -0.021 0"><span class='ocrx_word' id='word_1_1' title='bbox 154 151 220 216; x_wconf 79' lang='grc'><strong>282</strong></span> <span class='ocrx_word' id='word_1_2' title='bbox 454 147 493 202; x_wconf 83' lang='lat' dir='ltr'><strong>IN</strong></span> <span class='ocrx_word' id='word_1_3' title='bbox 511 147 541 203; x_wconf 83' lang='lat' dir='ltr'><strong>C.</strong></span> <span class='ocrx_word' id='word_1_4' title='bbox 560 147 715 202; x_wconf 77' lang='lat' dir='ltr'><strong>VERREM</strong></span> <span class='ocrx_word' id='word_1_5' title='bbox 730 146 811 202; x_wconf 82' lang='lat' dir='ltr'>AOT.</span> <span class='ocrx_word' id='word_1_6' title='bbox 829 147 862 201; x_wconf 87' lang='lat' dir='ltr'><strong>IL</strong></span> 
     </span>
    </p>
   </div>
   <div class='ocr_carea' id='block_1_2' title="bbox 101 290 1190 3530">
    <p class='ocr_par' dir='ltr' id='par_1_2' title="bbox 101 290 1190 3530">
     <span class='ocr_line' id='line_1_2' title="bbox 154 290 1153 378; baseline -0.004 -20"><span class='ocrx_word' id='word_1_7' title='bbox 154 315 192 358; x_wconf 88' lang='lat' dir='ltr'><strong>ac</strong></span> <span class='ocrx_word' id='word_1_8' title='bbox 206 292 324 378; x_wconf 84' lang='lat' dir='ltr'><strong>spiritu</strong></span> <span class='ocrx_word' id='word_1_9' title='bbox 337 313 396 356; x_wconf 90' lang='lat' dir='ltr'><strong>suo</strong></span> <span class='ocrx_word' id='word_1_10' title='bbox 409 291 486 373; x_wconf 83' lang='lat' dir='ltr'><strong>vini,</strong></span> <span class='ocrx_word' id='word_1_11' title='bbox 499 290 667 376; x_wconf 77' lang='lat' dir='ltr'>unguenti,</span> <span class='ocrx_word' id='word_1_12' title='bbox 680 291 825 375; x_wconf 88' lang='lat' dir='ltr'><strong>corporis</strong></span> <span class='ocrx_word' id='word_1_13' title='bbox 839 290 938 356; x_wconf 91' lang='lat' dir='ltr'><strong>odore</strong></span> <span class='ocrx_word' id='word_1_14' title='bbox 953 290 1153 374; x_wconf 80' lang='lat' dir='ltr'><strong>complesset3</strong></span> 
     </span>
     <span class='ocr_line' id='line_1_3' title="bbox 154 378 1155 464; baseline -0.004 -19"><span class='ocrx_word' id='word_1_15' title='bbox 154 381 291 446; x_wconf 72' lang='lat' dir='ltr'><strong>dixisset</strong></span> <span class='ocrx_word' id='word_1_16' title='bbox 307 380 396 463; x_wconf 79' lang='lat' dir='ltr'><strong>haee,</strong></span> <span class='ocrx_word' id='word_1_17' title='bbox 420 401 502 463; x_wconf 88' lang='lat' dir='ltr'><strong>quae</strong></span> <span class='ocrx_word' id='word_1_18' title='bbox 519 380 619 464; x_wconf 80' lang='lat' dir='ltr'><strong>volgo</strong></span> <span class='ocrx_word' id='word_1_19' title='bbox 637 378 742 442; x_wconf 88' lang='lat' dir='ltr'><strong>dicere</strong></span> <span class='ocrx_word' id='word_1_20' title='bbox 763 379 900 462; x_wconf 76' lang='lat' dir='ltr'><strong>solebat,</strong></span> <span class='ocrx_word' id='word_1_21' title='bbox 922 400 990 444; x_wconf 91' lang='lat' dir='ltr'><strong>nou</strong></span> <span class='ocrx_word' id='word_1_22' title='bbox 1012 399 1047 442; x_wconf 90' lang='lat' dir='ltr'><strong>se</strong></span> <span class='ocrx_word' id='word_1_23' title='bbox 1070 378 1155 442; x_wconf 91' lang='lat' dir='ltr'><strong>decu·</strong></span> 
     </span>
     <span class='ocr_line' id='line_1_4' title="bbox 155 466 1157 552; baseline -0.005 -18"><span class='ocrx_word' id='word_1_24' title='bbox 155 490 226 534; x_wconf 84' lang='lat' dir='ltr'><strong>mas</strong></span> <span class='ocrx_word' id='word_1_25' title='bbox 251 469 381 552; x_wconf 88' lang='lat' dir='ltr'><strong>emisse,</strong></span> <span class='ocrx_word' id='word_1_26' title='bbox 408 467 465 532; x_wconf 92' lang='lat' dir='ltr'><strong>sed</strong></span> <span class='ocrx_word' id='word_1_27' title='bbox 486 467 572 531; x_wconf 87' lang='lat' dir='ltr'><strong>bona</strong></span> <span class='ocrx_word' id='word_1_28' title='bbox 593 466 807 550; x_wconf 70' lang='lat' dir='ltr'><strong>formasque</strong></span> <span class='ocrx_word' id='word_1_29' title='bbox 830 471 1013 549; x_wconf 87' lang='lat' dir='ltr'><strong>aratorum,</strong></span> <span class='ocrx_word' id='word_1_30' title='bbox 1038 488 1105 531; x_wconf 92' lang='lat' dir='ltr'><strong>nou</strong></span> <span class='ocrx_word' id='word_1_31' title='bbox 1126 487 1157 530; x_wconf 90' lang='lat' dir='ltr'><strong>se</strong></span> 
     </span>
     <span class='ocr_line' id='line_1_5' title="bbox 155 553 1157 640; baseline -0.005 -17"><span class='ocrx_word' id='word_1_32' title='bbox 155 558 367 623; x_wconf 83' lang='lat' dir='ltr'><strong>decumanum</strong></span> <span class='ocrx_word' id='word_1_33' title='bbox 394 576 464 619; x_wconf 90' lang='lat' dir='ltr'><strong>esse</strong></span> <span class='ocrx_word' id='word_1_34' title='bbox 487 554 683 640; x_wconf 80' lang='lat' dir='ltr'><strong>Apronium,</strong></span> <span class='ocrx_word' id='word_1_35' title='bbox 710 555 767 618; x_wconf 89' lang='lat' dir='ltr'><strong>sed</strong></span> <span class='ocrx_word' id='word_1_36' title='bbox 784 553 921 620; x_wconf 83' lang='lat' dir='ltr'>Verrem</span> <span class='ocrx_word' id='word_1_37' title='bbox 944 554 1086 619; x_wconf 90' lang='lat' dir='ltr'><strong>alterum</strong></span> <span class='ocrx_word' id='word_1_38' title='bbox 1109 553 1157 618; x_wconf 79' lang='lat' dir='ltr'><strong>do</strong></span> 
     </span>
     <span class='ocr_line' id='line_1_6' title="bbox 154 640 1177 744; baseline -0.007 -34"><span class='ocrx_word' id='word_1_39' title='bbox 154 647 279 710; x_wconf 87' lang='lat' dir='ltr'><strong>minum</strong></span> <span class='ocrx_word' id='word_1_40' title='bbox 296 644 430 744; x_wconf 77' lang='lat' dir='ltr'><strong>illorum</strong></span> <span class='ocrx_word' id='word_1_41' title='bbox 452 665 490 707; x_wconf 84' lang='lat' dir='ltr'><strong>ec</strong></span> <span class='ocrx_word' id='word_1_42' title='bbox 512 647 695 743; x_wconf 75' lang='lat' dir='ltr'><strong>tyrannum.</strong></span> <span class='ocrx_word' id='word_1_43' title='bbox 736 640 825 718; x_wconf 77' lang='lat' dir='ltr'><strong>Quae</strong></span> <span class='ocrx_word' id='word_1_44' title='bbox 847 664 922 707; x_wconf 92' lang='lat' dir='ltr'><strong>cum</strong></span> <span class='ocrx_word' id='word_1_45' title='bbox 944 642 1091 725; x_wconf 87' lang='lat' dir='ltr'><strong>dixisset,</strong></span> <span class='ocrx_word' id='word_1_46' title='bbox 1112 641 1177 705; x_wconf 73' lang='lat' dir='ltr'><strong>illis</strong></span> 
     </span>
     <span class='ocr_line' id='line_1_7' title="bbox 155 729 1157 902; baseline -0.005 -17"><span class='ocrx_word' id='word_1_47' title='bbox 155 729 1157 902; x_wconf 60' lang='lat' dir='ltr'><strong>tttattilttttttttlt,tltttss’ttttqll</strong></span> 
     </span>
     <span class='ocr_line' id='line_1_8' title="bbox 104 905 1155 1058; baseline -0.007 -85"><span class='ocrx_word' id='word_1_48' title='bbox 104 907 255 1058; x_wconf 66' lang='lat' dir='ltr'><strong>13modlq</strong></span> <span class='ocrx_word' id='word_1_49' title='bbox 278 906 454 1058; x_wconf 57' lang='lat' dir='ltr'><strong>petipqrelm</strong></span> <span class='ocrx_word' id='word_1_50' title='bbox 480 907 589 1056; x_wconf 66' lang='lat' dir='ltr'><strong>ipisum</strong></span> <span class='ocrx_word' id='word_1_51' title='bbox 611 905 996 1057; x_wconf 55' lang='lat' dir='ltr'><strong>qlinproniodcondemnqre</strong></span> <span class='ocrx_word' id='word_1_52' title='bbox 1019 909 1155 990; x_wconf 76' lang='lat' dir='ltr'><strong>possent.</strong></span> 
     </span>
     <span class='ocr_line' id='line_1_9' title="bbox 102 1014 1185 1166; baseline -0.004 -17"><span class='ocrx_word' id='word_1_53' title='bbox 102 1046 136 1094; x_wconf 66' lang='lat'><strong>⁸²</strong></span> <span class='ocrx_word' id='word_1_54' title='bbox 156 1016 350 1165; x_wconf 47' lang='lat' dir='ltr'><strong>demappis&#39;</strong></span> <span class='ocrx_word' id='word_1_55' title='bbox 366 1014 499 1146; x_wconf 46' lang='lat' dir='ltr'><strong>hoclfslt</strong></span> <span class='ocrx_word' id='word_1_56' title='bbox 516 1015 589 1146; x_wconf 57' lang='lat' dir='ltr'><strong>cliirlr</strong></span> <span class='ocrx_word' id='word_1_57' title='bbox 599 1015 751 1165; x_wconf 59' lang='lat' dir='ltr'><strong>aprilli</strong></span> <span class='ocrx_word' id='word_1_58' title='bbox 765 1014 1185 1166; x_wconf 49' lang='lat' dir='ltr'><strong>perpnmisiqqqsqrppqpqu</strong></span> 
     </span>
     <span class='ocr_line' id='line_1_10' title="bbox 154 1167 1156 1254; baseline -0.004 -18"><span class='ocrx_word' id='word_1_59' title='bbox 154 1177 226 1236; x_wconf 92' lang='lat' dir='ltr'><strong>tum</strong></span> <span class='ocrx_word' id='word_1_60' title='bbox 240 1171 349 1254; x_wconf 83' lang='lat' dir='ltr'><strong>vellet,</strong></span> <span class='ocrx_word' id='word_1_61' title='bbox 362 1173 519 1254; x_wconf 91' lang='lat' dir='ltr'><strong>posceret,</strong></span> <span class='ocrx_word' id='word_1_62' title='bbox 533 1172 692 1252; x_wconf 85' lang='lat' dir='ltr'><strong>quantum</strong></span> <span class='ocrx_word' id='word_1_63' title='bbox 704 1169 916 1253; x_wconf 78' lang='lat' dir='ltr'><strong>poposcisset,</strong></span> <span class='ocrx_word' id='word_1_64' title='bbox 930 1167 1085 1252; x_wconf 84' lang='lat' dir='ltr'><strong>auferret,</strong></span> <span class='ocrx_word' id='word_1_65' title='bbox 1102 1168 1156 1232; x_wconf 90' lang='lat' dir='ltr'><strong>hoc</strong></span> 
     </span>
     <span class='ocr_line' id='line_1_11' title="bbox 155 1256 1156 1341; baseline -0.003 -18"><span class='ocrx_word' id='word_1_66' title='bbox 155 1259 217 1324; x_wconf 91' lang='lat' dir='ltr'><strong>tibi</strong></span> <span class='ocrx_word' id='word_1_67' title='bbox 249 1257 443 1323; x_wconf 84' lang='lat' dir='ltr'><strong>defensionis</strong></span> <span class='ocrx_word' id='word_1_68' title='bbox 476 1257 517 1321; x_wconf 87' lang='lat' dir='ltr'><strong>ad</strong></span> <span class='ocrx_word' id='word_1_69' title='bbox 544 1256 697 1321; x_wconf 89' lang='lat' dir='ltr'><strong>iudicium</strong></span> <span class='ocrx_word' id='word_1_70' title='bbox 726 1259 819 1322; x_wconf 87' lang='lat' dir='ltr'><strong>tuum</strong></span> <span class='ocrx_word' id='word_1_71' title='bbox 846 1257 1076 1341; x_wconf 75' lang='lat' dir='ltr'><strong>computabas,</strong></span> <span class='ocrx_word' id='word_1_72' title='bbox 1106 1256 1156 1320; x_wconf 84' lang='lat' dir='ltr'><strong>hu·</strong></span> 
     </span>
     <span class='ocr_line' id='line_1_12' title="bbox 154 1343 1155 1429; baseline -0.005 -18"><span class='ocrx_word' id='word_1_73' title='bbox 154 1347 265 1411; x_wconf 88' lang='lat' dir='ltr'><strong>buisse</strong></span> <span class='ocrx_word' id='word_1_74' title='bbox 279 1350 312 1410; x_wconf 91' lang='lat' dir='ltr'><strong>te</strong></span> <span class='ocrx_word' id='word_1_75' title='bbox 330 1346 470 1411; x_wconf 86' lang='lat' dir='ltr'><strong>edictum</strong></span> <span class='ocrx_word' id='word_1_76' title='bbox 488 1348 729 1429; x_wconf 74' lang='lat' dir='ltr'><strong>recuperatores</strong></span> <span class='ocrx_word' id='word_1_77' title='bbox 747 1344 783 1408; x_wconf 90' lang='lat' dir='ltr'><strong>in</strong></span> <span class='ocrx_word' id='word_1_78' title='bbox 800 1344 970 1429; x_wconf 88' lang='lat' dir='ltr'><strong>octuplum</strong></span> <span class='ocrx_word' id='word_1_79' title='bbox 988 1343 1155 1409; x_wconf 81' lang='lat' dir='ltr'><strong>daturum?</strong></span> 
     </span>
     <span class='ocr_line' id='line_1_13' title="bbox 155 1429 1155 1516; baseline -0.001 -18"><span class='ocrx_word' id='word_1_80' title='bbox 155 1433 191 1498; x_wconf 85' lang='lat' dir='ltr'><strong>Si</strong></span> <span class='ocrx_word' id='word_1_81' title='bbox 222 1434 423 1498; x_wconf 83' lang='lat' dir='ltr'><strong>mehercules</strong></span> <span class='ocrx_word' id='word_1_82' title='bbox 451 1455 490 1497; x_wconf 87' lang='lat' dir='ltr'><strong>ex</strong></span> <span class='ocrx_word' id='word_1_83' title='bbox 518 1433 606 1497; x_wconf 90' lang='lat' dir='ltr'><strong>omni</strong></span> <span class='ocrx_word' id='word_1_84' title='bbox 632 1432 727 1516; x_wconf 90' lang='lat' dir='ltr'><strong>copia</strong></span> <span class='ocrx_word' id='word_1_85' title='bbox 753 1436 930 1497; x_wconf 83' lang='lat' dir='ltr'><strong>conventus</strong></span> <span class='ocrx_word' id='word_1_86' title='bbox 957 1429 1155 1516; x_wconf 74' lang='lat' dir='ltr'><strong>Syracusani,</strong></span> 
     </span>
     <span class='ocr_line' id='line_1_14' title="bbox 155 1519 1184 1605; baseline -0.001 -22"><span class='ocrx_word' id='word_1_87' title='bbox 155 1520 491 1605; x_wconf 89' lang='lat' dir='ltr'><strong>splendidissimorum</strong></span> <span class='ocrx_word' id='word_1_88' title='bbox 516 1520 883 1602; x_wconf 76' lang='lat' dir='ltr'><strong>honestissimorumque</strong></span> <span class='ocrx_word' id='word_1_89' title='bbox 905 1519 1090 1603; x_wconf 90' lang='lat' dir='ltr'><strong>hominum,</strong></span> <span class='ocrx_word' id='word_1_90' title='bbox 1114 1519 1184 1582; x_wconf 63' lang='lat' dir='ltr'><strong>lii-1³</strong></span> 
     </span>
     <span class='ocr_line' id='line_1_15' title="bbox 155 1607 1153 1692; baseline -0.003 -18"><span class='ocrx_word' id='word_1_91' title='bbox 155 1629 244 1674; x_wconf 86' lang='lat' dir='ltr'><strong>ceres</strong></span> <span class='ocrx_word' id='word_1_92' title='bbox 257 1611 456 1692; x_wconf 88' lang='lat' dir='ltr'><strong>potestatem</strong></span> <span class='ocrx_word' id='word_1_93' title='bbox 470 1608 593 1673; x_wconf 88' lang='lat' dir='ltr'><strong>aratori</strong></span> <span class='ocrx_word' id='word_1_94' title='bbox 607 1629 674 1672; x_wconf 92' lang='lat' dir='ltr'><strong>non</strong></span> <span class='ocrx_word' id='word_1_95' title='bbox 691 1607 788 1672; x_wconf 91' lang='lat' dir='ltr'><strong>modo</strong></span> <span class='ocrx_word' id='word_1_96' title='bbox 806 1607 968 1690; x_wconf 82' lang='lat' dir='ltr'><strong>reiciendi,</strong></span> <span class='ocrx_word' id='word_1_97' title='bbox 987 1608 1045 1672; x_wconf 91' lang='lat' dir='ltr'><strong>sed</strong></span> <span class='ocrx_word' id='word_1_98' title='bbox 1062 1609 1153 1672; x_wconf 88' lang='lat' dir='ltr'><strong>etiam</strong></span> 
     </span>
     <span class='ocr_line' id='line_1_16' title="bbox 155 1695 1152 1781; baseline -0.001 -20"><span class='ocrx_word' id='word_1_99' title='bbox 155 1695 302 1761; x_wconf 88' lang='lat' dir='ltr'><strong>sumendi</strong></span> <span class='ocrx_word' id='word_1_100' title='bbox 313 1699 566 1780; x_wconf 71' lang='lat' dir='ltr'><strong>recuperatores,</strong></span> <span class='ocrx_word' id='word_1_101' title='bbox 579 1701 691 1760; x_wconf 86' lang='lat' dir='ltr'><strong>tamen</strong></span> <span class='ocrx_word' id='word_1_102' title='bbox 700 1695 762 1760; x_wconf 93' lang='lat' dir='ltr'><strong>hoc</strong></span> <span class='ocrx_word' id='word_1_103' title='bbox 772 1716 893 1759; x_wconf 86' lang='lat' dir='ltr'><strong>novum</strong></span> <span class='ocrx_word' id='word_1_104' title='bbox 907 1716 1011 1781; x_wconf 83' lang='lat' dir='ltr'><strong>genus</strong></span> <span class='ocrx_word' id='word_1_105' title='bbox 1025 1696 1152 1760; x_wconf 84' lang='lat' dir='ltr'><strong>iniuriae</strong></span> 
     </span>
     <span class='ocr_line' id='line_1_17' title="bbox 154 1781 1190 1869; baseline -0.008 -21"><span class='ocrx_word' id='word_1_106' title='bbox 154 1784 241 1849; x_wconf 88' lang='lat' dir='ltr'><strong>ferre</strong></span> <span class='ocrx_word' id='word_1_107' title='bbox 257 1806 354 1850; x_wconf 88' lang='lat' dir='ltr'><strong>nemo</strong></span> <span class='ocrx_word' id='word_1_108' title='bbox 372 1788 493 1869; x_wconf 86' lang='lat' dir='ltr'><strong>posset,</strong></span> <span class='ocrx_word' id='word_1_109' title='bbox 515 1788 558 1867; x_wconf 88' lang='lat' dir='ltr'><strong>te,</strong></span> <span class='ocrx_word' id='word_1_110' title='bbox 580 1805 653 1849; x_wconf 90' lang='lat' dir='ltr'><strong>cum</strong></span> <span class='ocrx_word' id='word_1_111' title='bbox 675 1787 750 1847; x_wconf 87' lang='lat' dir='ltr'><strong>tuos</strong></span> <span class='ocrx_word' id='word_1_112' title='bbox 773 1781 885 1847; x_wconf 80' lang='lat' dir='ltr'><strong>omues</strong></span> <span class='ocrx_word' id='word_1_113' title='bbox 907 1783 1035 1849; x_wconf 88' lang='lat' dir='ltr'><strong>fructus</strong></span> <span class='ocrx_word' id='word_1_114' title='bbox 1056 1783 1152 1868; x_wconf 88' lang='lat' dir='ltr'><strong>publi·</strong></span> <span class='ocrx_word' id='word_1_115' title='bbox 1189 1829 1190 1840; x_wconf 70' lang='grc'>,</span> 
     </span>
     <span class='ocr_line' id='line_1_18' title="bbox 155 1870 1151 1954; baseline -0.006 -16"><span class='ocrx_word' id='word_1_116' title='bbox 155 1894 235 1938; x_wconf 83' lang='lat' dir='ltr'><strong>cano</strong></span> <span class='ocrx_word' id='word_1_117' title='bbox 262 1871 453 1937; x_wconf 83' lang='lat' dir='ltr'><strong>tradidisses</strong></span> <span class='ocrx_word' id='word_1_118' title='bbox 481 1875 514 1936; x_wconf 90' lang='lat' dir='ltr'><strong>et</strong></span> <span class='ocrx_word' id='word_1_119' title='bbox 540 1893 609 1936; x_wconf 89' lang='lat' dir='ltr'><strong>rem</strong></span> <span class='ocrx_word' id='word_1_120' title='bbox 637 1871 677 1935; x_wconf 90' lang='lat' dir='ltr'><strong>de</strong></span> <span class='ocrx_word' id='word_1_121' title='bbox 702 1870 852 1935; x_wconf 86' lang='lat' dir='ltr'><strong>manibus</strong></span> <span class='ocrx_word' id='word_1_122' title='bbox 880 1871 1060 1954; x_wconf 78' lang='lat' dir='ltr'><strong>amisisses,</strong></span> <span class='ocrx_word' id='word_1_123' title='bbox 1089 1876 1151 1934; x_wconf 81' lang='lat' dir='ltr'><strong>tuni</strong></span> 
     </span>
     <span class='ocr_line' id='line_1_19' title="bbox 101 1955 1183 2045; baseline -0.003 -22"><span class='ocrx_word' id='word_1_124' title='bbox 101 1974 135 2024; x_wconf 77' lang='lat'><strong>8³</strong></span> <span class='ocrx_word' id='word_1_125' title='bbox 154 1961 241 2024; x_wconf 88' lang='lat' dir='ltr'><strong>bona</strong></span> <span class='ocrx_word' id='word_1_126' title='bbox 258 1964 317 2024; x_wconf 87' lang='lat' dir='ltr'><strong>tua</strong></span> <span class='ocrx_word' id='word_1_127' title='bbox 334 1965 480 2045; x_wconf 89' lang='lat' dir='ltr'><strong>repetere</strong></span> <span class='ocrx_word' id='word_1_128' title='bbox 498 1981 535 2024; x_wconf 91' lang='lat' dir='ltr'><strong>ac</strong></span> <span class='ocrx_word' id='word_1_129' title='bbox 553 1959 704 2044; x_wconf 89' lang='lat' dir='ltr'><strong>persequi</strong></span> <span class='ocrx_word' id='word_1_130' title='bbox 721 1958 780 2022; x_wconf 89' lang='lat' dir='ltr'><strong>lite</strong></span> <span class='ocrx_word' id='word_1_131' title='bbox 798 1962 896 2042; x_wconf 86' lang='lat' dir='ltr'><strong>atque</strong></span> <span class='ocrx_word' id='word_1_132' title='bbox 917 1959 1046 2024; x_wconf 89' lang='lat' dir='ltr'><strong>iudicio.</strong></span> <span class='ocrx_word' id='word_1_133' title='bbox 1077 1955 1152 2022; x_wconf 79' lang='lat' dir='ltr'><strong>Cum</strong></span> <span class='ocrx_word' id='word_1_134' title='bbox 1163 1971 1183 2010; x_wconf 57' lang='grc' dir='ltr'><strong>ἢ</strong></span> 
     </span>
     <span class='ocr_line' id='line_1_20' title="bbox 154 2046 1151 2130; baseline -0.004 -19"><span class='ocrx_word' id='word_1_135' title='bbox 154 2068 231 2111; x_wconf 83' lang='lat' dir='ltr'><strong>vero</strong></span> <span class='ocrx_word' id='word_1_136' title='bbox 263 2047 364 2110; x_wconf 84' lang='lat' dir='ltr'><strong>verbo</strong></span> <span class='ocrx_word' id='word_1_137' title='bbox 394 2047 548 2110; x_wconf 93' lang='lat' dir='ltr'><strong>iudicium</strong></span> <span class='ocrx_word' id='word_1_138' title='bbox 580 2046 624 2109; x_wconf 88' lang='lat' dir='ltr'><strong>sit</strong></span> <span class='ocrx_word' id='word_1_139' title='bbox 650 2046 685 2110; x_wconf 91' lang='lat' dir='ltr'><strong>in</strong></span> <span class='ocrx_word' id='word_1_140' title='bbox 712 2046 829 2130; x_wconf 91' lang='lat' dir='ltr'><strong>edicto,</strong></span> <span class='ocrx_word' id='word_1_141' title='bbox 860 2067 896 2110; x_wconf 89' lang='lat' dir='ltr'><strong>re</strong></span> <span class='ocrx_word' id='word_1_142' title='bbox 925 2047 1057 2130; x_wconf 87' lang='lat' dir='ltr'><strong>quidem</strong></span> <span class='ocrx_word' id='word_1_143' title='bbox 1082 2067 1151 2111; x_wconf 88' lang='lat' dir='ltr'><strong>vera</strong></span> 
     </span>
     <span class='ocr_line' id='line_1_21' title="bbox 153 2099 1189 2219; baseline -0.001 -23"><span class='ocrx_word' id='word_1_144' title='bbox 153 2139 285 2197; x_wconf 86' lang='lat' dir='ltr'><strong>tuorum</strong></span> <span class='ocrx_word' id='word_1_145' title='bbox 313 2132 483 2215; x_wconf 90' lang='lat' dir='ltr'><strong>comitum,</strong></span> <span class='ocrx_word' id='word_1_146' title='bbox 509 2132 678 2197; x_wconf 90' lang='lat' dir='ltr'><strong>hominum</strong></span> <span class='ocrx_word' id='word_1_147' title='bbox 705 2134 991 2219; x_wconf 88' lang='lat' dir='ltr'><strong>nequissimorum,</strong></span> <span class='ocrx_word' id='word_1_148' title='bbox 1023 2133 1149 2200; x_wconf 88' lang='lat' dir='ltr'><strong>collusio</strong></span> <span class='ocrx_word' id='word_1_149' title='bbox 1188 2099 1189 2173; x_wconf 73' lang='lat' dir='ltr'><strong>l</strong></span> 
     </span>
     <span class='ocr_line' id='line_1_22' title="bbox 154 2217 1150 2306; baseline -0.001 -22"><span class='ocrx_word' id='word_1_150' title='bbox 154 2241 227 2286; x_wconf 90' lang='lat' dir='ltr'><strong>cum</strong></span> <span class='ocrx_word' id='word_1_151' title='bbox 246 2219 440 2301; x_wconf 87' lang='lat' dir='ltr'><strong>decumanis,</strong></span> <span class='ocrx_word' id='word_1_152' title='bbox 462 2217 558 2284; x_wconf 90' lang='lat' dir='ltr'><strong>sociis</strong></span> <span class='ocrx_word' id='word_1_153' title='bbox 577 2219 643 2283; x_wconf 91' lang='lat' dir='ltr'><strong>tuis</strong></span> <span class='ocrx_word' id='word_1_154' title='bbox 662 2224 760 2305; x_wconf 90' lang='lat' dir='ltr'><strong>atque</strong></span> <span class='ocrx_word' id='word_1_155' title='bbox 780 2222 860 2286; x_wconf 84' lang='lat' dir='ltr'><strong>adeo</strong></span> <span class='ocrx_word' id='word_1_156' title='bbox 883 2221 1150 2306; x_wconf 85' lang='lat' dir='ltr'><strong>procuratoribus,</strong></span> 
     </span>
     <span class='ocr_line' id='line_1_23' title="bbox 154 2304 1188 2404; baseline 0.001 -33"><span class='ocrx_word' id='word_1_157' title='bbox 154 2311 265 2371; x_wconf 88' lang='lat' dir='ltr'><strong>tamen</strong></span> <span class='ocrx_word' id='word_1_158' title='bbox 297 2304 394 2372; x_wconf 90' lang='lat' dir='ltr'><strong>audes</strong></span> <span class='ocrx_word' id='word_1_159' title='bbox 422 2306 521 2370; x_wconf 85' lang='lat' dir='ltr'><strong>ullius</strong></span> <span class='ocrx_word' id='word_1_160' title='bbox 549 2307 746 2374; x_wconf 87' lang='lat' dir='ltr'><strong>mentionem</strong></span> <span class='ocrx_word' id='word_1_161' title='bbox 772 2309 882 2374; x_wconf 91' lang='lat' dir='ltr'><strong>iudicii</strong></span> <span class='ocrx_word' id='word_1_162' title='bbox 908 2309 1038 2375; x_wconf 82' lang='lat' dir='ltr'><strong>facere?</strong></span> <span class='ocrx_word' id='word_1_163' title='bbox 1067 2331 1149 2394; x_wconf 87' lang='lat' dir='ltr'><strong>prae·</strong></span> <span class='ocrx_word' id='word_1_164' title='bbox 1187 2317 1188 2404; x_wconf 58' lang='lat' dir='ltr'><strong>q</strong></span> 
     </span>
     <span class='ocr_line' id='line_1_24' title="bbox 155 2393 1179 2480; baseline -0.002 -20"><span class='ocrx_word' id='word_1_165' title='bbox 155 2394 268 2460; x_wconf 87' lang='lat' dir='ltr'><strong>sertim</strong></span> <span class='ocrx_word' id='word_1_166' title='bbox 289 2416 362 2460; x_wconf 90' lang='lat' dir='ltr'><strong>cum</strong></span> <span class='ocrx_word' id='word_1_167' title='bbox 384 2393 419 2458; x_wconf 92' lang='lat' dir='ltr'><strong>id</strong></span> <span class='ocrx_word' id='word_1_168' title='bbox 439 2415 506 2460; x_wconf 90' lang='lat' dir='ltr'><strong>uon</strong></span> <span class='ocrx_word' id='word_1_169' title='bbox 528 2395 623 2460; x_wconf 91' lang='lat' dir='ltr'><strong>modo</strong></span> <span class='ocrx_word' id='word_1_170' title='bbox 648 2396 794 2462; x_wconf 89' lang='lat' dir='ltr'><strong>oratione</strong></span> <span class='ocrx_word' id='word_1_171' title='bbox 818 2419 898 2480; x_wconf 89' lang='lat' dir='ltr'><strong>mea,</strong></span> <span class='ocrx_word' id='word_1_172' title='bbox 921 2398 979 2462; x_wconf 87' lang='lat' dir='ltr'><strong>sed</strong></span> <span class='ocrx_word' id='word_1_173' title='bbox 1002 2398 1098 2462; x_wconf 86' lang='lat' dir='ltr'><strong>etiam</strong></span> <span class='ocrx_word' id='word_1_174' title='bbox 1119 2405 1179 2459; x_wconf 62' lang='lat' dir='ltr'><strong>ret</strong></span> 
     </span>
     <span class='ocr_line' id='line_1_25' title="bbox 153 2482 1148 2568; baseline 0.001 -21"><span class='ocrx_word' id='word_1_175' title='bbox 153 2483 226 2568; x_wconf 87' lang='lat' dir='ltr'><strong>ipsa</strong></span> <span class='ocrx_word' id='word_1_176' title='bbox 252 2482 435 2566; x_wconf 87' lang='lat' dir='ltr'><strong>refellatur,</strong></span> <span class='ocrx_word' id='word_1_177' title='bbox 463 2482 548 2566; x_wconf 91' lang='lat' dir='ltr'><strong>quod</strong></span> <span class='ocrx_word' id='word_1_178' title='bbox 574 2483 610 2546; x_wconf 92' lang='lat' dir='ltr'><strong>in</strong></span> <span class='ocrx_word' id='word_1_179' title='bbox 631 2485 734 2548; x_wconf 89' lang='lat' dir='ltr'><strong>tantis</strong></span> <span class='ocrx_word' id='word_1_180' title='bbox 756 2485 968 2550; x_wconf 89' lang='lat' dir='ltr'><strong>incommodis</strong></span> <span class='ocrx_word' id='word_1_181' title='bbox 993 2490 1148 2551; x_wconf 86' lang='lat' dir='ltr'><strong>aratorum</strong></span> 
     </span>
     <span class='ocr_line' id='line_1_26' title="bbox 153 2570 1148 2744; baseline -0.003 -20"><span class='ocrx_word' id='word_1_182' title='bbox 153 2570 352 2724; x_wconf 63' lang='lat' dir='ltr'><strong>rectit</strong></span> <span class='ocrx_word' id='word_1_183' title='bbox 379 2571 628 2724; x_wconf 63' lang='lat' dir='ltr'><strong>tricare</strong></span> <span class='ocrx_word' id='word_1_184' title='bbox 661 2572 1148 2744; x_wconf 54' lang='lat' dir='ltr'><strong>altataria</strong></span> 
     </span>
     <span class='ocr_line' id='line_1_27' title="bbox 624 2706 858 2742; baseline 0 -25"><span class='ocrx_word' id='word_1_185' title='bbox 624 2708 634 2742; x_wconf 84' lang='lat'><strong>,</strong></span> <span class='ocrx_word' id='word_1_186' title='bbox 851 2706 858 2717; x_wconf 59' lang='lat'><em>„</em></span> 
     </span>
     <span class='ocr_line' id='line_1_28' title="bbox 153 2746 501 2812; baseline 0 -2"><span class='ocrx_word' id='word_1_187' title='bbox 153 2746 306 2812; x_wconf 87' lang='lat' dir='ltr'><strong>iudicium</strong></span> <span class='ocrx_word' id='word_1_188' title='bbox 329 2746 501 2810; x_wconf 84' lang='lat' dir='ltr'><strong>invenitur.</strong></span> 
     </span>
     <span class='ocr_line' id='line_1_29' title="bbox 101 2833 1177 2918; baseline -0.004 -18"><span class='ocrx_word' id='word_1_189' title='bbox 101 2836 136 2886; x_wconf 76' lang='lat'><strong>⁸4</strong></span> <span class='ocrx_word' id='word_1_190' title='bbox 219 2834 294 2900; x_wconf 83' lang='lat' dir='ltr'><strong>Erit</strong></span> <span class='ocrx_word' id='word_1_191' title='bbox 312 2839 423 2899; x_wconf 88' lang='lat' dir='ltr'><strong>tamen</strong></span> <span class='ocrx_word' id='word_1_192' title='bbox 440 2834 475 2898; x_wconf 89' lang='lat' dir='ltr'><strong>in</strong></span> <span class='ocrx_word' id='word_1_193' title='bbox 493 2838 637 2899; x_wconf 89' lang='lat' dir='ltr'><strong>aratores</strong></span> <span class='ocrx_word' id='word_1_194' title='bbox 657 2835 760 2900; x_wconf 88' lang='lat' dir='ltr'><strong>lenior</strong></span> <span class='ocrx_word' id='word_1_195' title='bbox 779 2856 876 2918; x_wconf 90' lang='lat' dir='ltr'><strong>quam</strong></span> <span class='ocrx_word' id='word_1_196' title='bbox 895 2836 1032 2902; x_wconf 85' lang='lat' dir='ltr'><strong>videtur.</strong></span> <span class='ocrx_word' id='word_1_197' title='bbox 1071 2833 1177 2898; x_wconf 56' lang='lat' dir='ltr'><strong>Nam„</strong></span> 
     </span>
     <span class='ocr_line' id='line_1_30' title="bbox 154 2921 1146 3006; baseline -0.004 -20"><span class='ocrx_word' id='word_1_198' title='bbox 154 2923 209 3004; x_wconf 90' lang='lat' dir='ltr'><strong>qui</strong></span> <span class='ocrx_word' id='word_1_199' title='bbox 227 2923 262 2988; x_wconf 89' lang='lat' dir='ltr'><strong>in</strong></span> <span class='ocrx_word' id='word_1_200' title='bbox 280 2922 474 2988; x_wconf 87' lang='lat' dir='ltr'><strong>decumanos</strong></span> <span class='ocrx_word' id='word_1_201' title='bbox 495 2923 619 3006; x_wconf 89' lang='lat' dir='ltr'><strong>octupli</strong></span> <span class='ocrx_word' id='word_1_202' title='bbox 641 2922 794 2988; x_wconf 87' lang='lat' dir='ltr'><strong>iudicium</strong></span> <span class='ocrx_word' id='word_1_203' title='bbox 816 2944 851 2987; x_wconf 89' lang='lat' dir='ltr'><strong>se</strong></span> <span class='ocrx_word' id='word_1_204' title='bbox 874 2923 1027 2989; x_wconf 90' lang='lat' dir='ltr'><strong>daturum</strong></span> <span class='ocrx_word' id='word_1_205' title='bbox 1049 2921 1146 3000; x_wconf 81' lang='lat' dir='ltr'><strong>edixit,</strong></span> 
     </span>
     <span class='ocr_line' id='line_1_31' title="bbox 152 3008 1146 3096; baseline -0.001 -24"><span class='ocrx_word' id='word_1_206' title='bbox 152 3008 237 3073; x_wconf 88' lang='lat' dir='ltr'><strong>idem</strong></span> <span class='ocrx_word' id='word_1_207' title='bbox 262 3010 378 3074; x_wconf 92' lang='lat' dir='ltr'><strong>habuit</strong></span> <span class='ocrx_word' id='word_1_208' title='bbox 400 3010 435 3074; x_wconf 93' lang='lat' dir='ltr'><strong>in</strong></span> <span class='ocrx_word' id='word_1_209' title='bbox 457 3010 562 3074; x_wconf 91' lang='lat' dir='ltr'><strong>edicto</strong></span> <span class='ocrx_word' id='word_1_210' title='bbox 586 3031 620 3074; x_wconf 91' lang='lat' dir='ltr'><strong>se</strong></span> <span class='ocrx_word' id='word_1_211' title='bbox 643 3009 678 3074; x_wconf 90' lang='lat' dir='ltr'><strong>in</strong></span> <span class='ocrx_word' id='word_1_212' title='bbox 700 3013 862 3075; x_wconf 91' lang='lat' dir='ltr'><strong>aratorem</strong></span> <span class='ocrx_word' id='word_1_213' title='bbox 884 3010 920 3074; x_wconf 92' lang='lat' dir='ltr'><strong>in</strong></span> <span class='ocrx_word' id='word_1_214' title='bbox 943 3010 1146 3096; x_wconf 88' lang='lat' dir='ltr'><strong>quadruplum</strong></span> 
     </span>
     <span class='ocr_line' id='line_1_32' title="bbox 153 3093 1182 3173; baseline 0.004 -16"><span class='ocrx_word' id='word_1_215' title='bbox 153 3093 314 3162; x_wconf 87' lang='lat' dir='ltr'><strong>daturum.</strong></span> <span class='ocrx_word' id='word_1_216' title='bbox 350 3096 429 3173; x_wconf 83' lang='lat' dir='ltr'><strong>Quis</strong></span> <span class='ocrx_word' id='word_1_217' title='bbox 447 3097 533 3162; x_wconf 87' lang='lat' dir='ltr'><strong>hunc</strong></span> <span class='ocrx_word' id='word_1_218' title='bbox 551 3097 648 3162; x_wconf 87' lang='lat' dir='ltr'><strong>audet</strong></span> <span class='ocrx_word' id='word_1_219' title='bbox 666 3097 770 3162; x_wconf 89' lang='lat' dir='ltr'><strong>dicere</strong></span> <span class='ocrx_word' id='word_1_220' title='bbox 794 3098 980 3164; x_wconf 89' lang='lat' dir='ltr'><strong>aratoribus</strong></span> <span class='ocrx_word' id='word_1_221' title='bbox 1003 3097 1145 3164; x_wconf 82' lang='lat' dir='ltr'><strong>infestum</strong></span> <span class='ocrx_word' id='word_1_222' title='bbox 1181 3154 1182 3158; x_wconf 72' lang='grc'>,</span> 
     </span>
     <span class='ocr_line' id='line_1_33' title="bbox 152 3182 1144 3270; baseline 0 -25"><span class='ocrx_word' id='word_1_223' title='bbox 152 3185 210 3246; x_wconf 90' lang='lat' dir='ltr'><strong>aut</strong></span> <span class='ocrx_word' id='word_1_224' title='bbox 222 3182 389 3249; x_wconf 90' lang='lat' dir='ltr'><strong>inimicum</strong></span> <span class='ocrx_word' id='word_1_225' title='bbox 406 3184 529 3250; x_wconf 80' lang='lat' dir='ltr'><strong>fuisse?</strong></span> <span class='ocrx_word' id='word_1_226' title='bbox 552 3188 674 3268; x_wconf 89' lang='lat' dir='ltr'><strong>quanto</strong></span> <span class='ocrx_word' id='word_1_227' title='bbox 692 3185 797 3249; x_wconf 89' lang='lat' dir='ltr'><strong>lenior</strong></span> <span class='ocrx_word' id='word_1_228' title='bbox 815 3189 866 3249; x_wconf 88' lang='lat' dir='ltr'><strong>est</strong></span> <span class='ocrx_word' id='word_1_229' title='bbox 884 3208 984 3270; x_wconf 90' lang='lat' dir='ltr'><strong>quam</strong></span> <span class='ocrx_word' id='word_1_230' title='bbox 1002 3188 1037 3251; x_wconf 91' lang='lat' dir='ltr'><strong>in</strong></span> <span class='ocrx_word' id='word_1_231' title='bbox 1052 3182 1144 3270; x_wconf 91' lang='lat' dir='ltr'><strong>publi-</strong></span> 
     </span>
     <span class='ocr_line' id='line_1_34' title="bbox 153 3268 1178 3355; baseline 0 -24"><span class='ocrx_word' id='word_1_232' title='bbox 153 3272 281 3334; x_wconf 87' lang='lat' dir='ltr'><strong>canuml</strong></span> <span class='ocrx_word' id='word_1_233' title='bbox 331 3271 456 3354; x_wconf 77' lang='lat' dir='ltr'><strong>Edixit,</strong></span> <span class='ocrx_word' id='word_1_234' title='bbox 488 3276 538 3353; x_wconf 91' lang='lat' dir='ltr'><strong>ut,</strong></span> <span class='ocrx_word' id='word_1_235' title='bbox 570 3270 657 3355; x_wconf 89' lang='lat' dir='ltr'><strong>qnod</strong></span> <span class='ocrx_word' id='word_1_236' title='bbox 688 3273 881 3338; x_wconf 89' lang='lat' dir='ltr'><strong>decumanus</strong></span> <span class='ocrx_word' id='word_1_237' title='bbox 915 3275 1066 3340; x_wconf 85' lang='lat' dir='ltr'><strong>edidisset</strong></span> <span class='ocrx_word' id='word_1_238' title='bbox 1089 3268 1178 3336; x_wconf 75' lang='lat' dir='ltr'><strong>sitis</strong></span> 
     </span>
     <span class='ocr_line' id='line_1_35' title="bbox 153 3351 1142 3445; baseline 0.01 -32"><span class='ocrx_word' id='word_1_239' title='bbox 153 3351 223 3414; x_wconf 88' lang='lat' dir='ltr'><strong>dari</strong></span> <span class='ocrx_word' id='word_1_240' title='bbox 246 3360 408 3438; x_wconf 89' lang='lat' dir='ltr'><strong>oportere,</strong></span> <span class='ocrx_word' id='word_1_241' title='bbox 430 3358 463 3421; x_wconf 94' lang='lat' dir='ltr'><strong>id</strong></span> <span class='ocrx_word' id='word_1_242' title='bbox 488 3359 528 3422; x_wconf 89' lang='lat' dir='ltr'><strong>ab</strong></span> <span class='ocrx_word' id='word_1_243' title='bbox 552 3362 681 3422; x_wconf 89' lang='lat' dir='ltr'><strong>aratore</strong></span> <span class='ocrx_word' id='word_1_244' title='bbox 704 3360 918 3445; x_wconf 83' lang='lat' dir='ltr'><strong>magistratus</strong></span> <span class='ocrx_word' id='word_1_245' title='bbox 942 3360 1067 3428; x_wconf 85' lang='lat' dir='ltr'><strong>Siculus</strong></span> <span class='ocrx_word' id='word_1_246' title='bbox 1087 3357 1142 3424; x_wconf 85' lang='lat' dir='ltr'><strong>exi-</strong></span> 
     </span>
     <span class='ocr_line' id='line_1_36' title="bbox 153 3437 1143 3530; baseline -0.002 -18"><span class='ocrx_word' id='word_1_247' title='bbox 153 3441 253 3518; x_wconf 58' lang='lat' dir='ltr'><strong>geret·</strong></span> <span class='ocrx_word' id='word_1_248' title='bbox 290 3437 373 3511; x_wconf 81' lang='lat' dir='ltr'><strong>Quid</strong></span> <span class='ocrx_word' id='word_1_249' title='bbox 391 3443 507 3525; x_wconf 90' lang='lat' dir='ltr'><strong>reliqui</strong></span> <span class='ocrx_word' id='word_1_250' title='bbox 525 3449 576 3508; x_wconf 89' lang='lat' dir='ltr'><strong>est</strong></span> <span class='ocrx_word' id='word_1_251' title='bbox 595 3445 714 3530; x_wconf 91' lang='lat' dir='ltr'><strong>iudicii,</strong></span> <span class='ocrx_word' id='word_1_252' title='bbox 737 3446 822 3529; x_wconf 90' lang='lat' dir='ltr'><strong>quod</strong></span> <span class='ocrx_word' id='word_1_253' title='bbox 844 3447 879 3512; x_wconf 93' lang='lat' dir='ltr'><strong>in</strong></span> <span class='ocrx_word' id='word_1_254' title='bbox 902 3453 1063 3514; x_wconf 86' lang='lat' dir='ltr'><strong>aratorem</strong></span> <span class='ocrx_word' id='word_1_255' title='bbox 1083 3443 1143 3510; x_wconf 85' lang='lat' dir='ltr'><strong>dari</strong></span> 
     </span>
    </p>
   </div>
   <div class='ocr_carea' id='block_1_3' title="bbox 0 0 1206 3936">
    <p class='ocr_par' dir='ltr' id='par_1_3' title="bbox 0 0 1206 3936">
     <span class='ocr_line' id='line_1_37' title="bbox 0 0 1206 3936; baseline 0 0"><span class='ocrx_word' id='word_1_256' title='bbox 0 0 1206 3936; x_wconf 95' lang='lat' dir='ltr'><strong> </strong></span> 
     </span>
    </p>
   </div>
  </div>
 </body>
</html>
