2386 3938
161 183 226 247 126
398 183 439 236 IN
457 183 486 239 (l.
505 181 661 236 VERREM
678 182 787 238 Acuuo
805 182 929 238 PRIMA.

159 327 282 392 multos
304 349 408 392 annos
429 328 681 411 innocentesque
703 330 869 412 praetores
888 327 1000 412 aliqua
1016 349 1056 392 ex
1074 333 1162 413 parte
1190 343 1191 348 ’

107 429 141 476 13
158 416 298 481 recreari
342 416 517 500 aliquando
556 437 653 500 posse
692 416 848 480 videatur.
905 415 978 481 Hoc
1017 421 1161 500 praetem

160 502 261 570 Siculi
281 525 386 588 neque
408 525 485 569 snas
507 505 597 590 leges
613 525 719 588 neque
735 508 850 568 nostra
868 507 1000 605 senatus
1018 505 1162 569 consulta

158 595 895 764 llsntllfflll‘illffloffi
913 593 1182 746 inlelligit,

160 769 234 834 simi
278 771 335 832 aut
380 768 632 852 imprudentiam
677 767 875 854 subterfugit
920 772 978 832 aut
1023 769 1161 834 satietati

119 855 328 940 bsuperfuit
362 855 479 920 'Nulla
511 877 564 921 res
594 878 653 940 per
681 856 858 921 triennium
886 857 951 920 nisi
981 857 1023 922 ad
1053 862 1162 922 nutum

157 943 253 1008 istius
280 943 423 1009 iudicata
449 947 514 1027 est,
544 945 637 1009 nulla
663 965 716 1008 res
743 944 932 1028 cuiusquam
961 948 1032 1009 tam
1059 945 1162 1030 patria
1191 1009 1192 1013 ,

159 1036 257 1116 atque
285 1032 375 1097 avita
399 1031 476 1116 fuit,
505 1053 589 1116 quae
614 1053 681 1096 non
709 1031 752 1096 ab
773 1050 812 1096 eo
834 1032 972 1117 imperio
993 1032 1093 1098 istius
1116 1035 1162 1098 ab
1191 1097 1192 1103 ,

158 1120 363 1186 iudicaretur.
398 1120 654 1185 Innumerabiles
672 1119 826 1205 pecuniae
840 1141 879 1184 ex
893 1124 1060 1186 aratorum
1073 1123 1187 1187 bonisu

156 1229 244 1273 novo
270 1207 460 1292 nefafioque
481 1209 635 1273 instituto
657 1211 801 1285 coactae,
829 1208 908 1273 socii
930 1207 1114 1274 fidelissimi
1133 1211 1163 1274 in
1191 1265 1192 1268 ,

157 1295 303 1361 bostium
324 1318 460 1361 numero
482 1296 668 1379 existimati,
691 1296 777 1360 cives
797 1295 938 1361 Romani
960 1298 1114 1363 servilem
1134 1300 1163 1362 in
1189 1337 1192 1376 3

158 1384 290 1448 modum
304 1383 439 1448 cromati
453 1389 487 1449 et
498 1385 615 1468 necati,
632 1383 780 1448 homines
793 1383 1016 1450 nocentissimi
1034 1391 1164 1472 propter
1190 1427 1192 1465 3

157 1471 311 1554 pecunias
332 1471 453 1535 iudicio
475 1472 617 1554 liberati,
638 1472 982 1560 honestissimioatque
1000 1473 1164 1560 integerri
1179 1515 1192 1554 ·.=

157 1558 204 1621 mi
232 1557 383 1622 absentes
409 1558 457 1622 rei
479 1558 560 1624 faeti
581 1560 703 1625 indicta
725 1581 823 1625 causa
845 1560 991 1625 damnati
1008 1565 1043 1626 et
1065 1562 1186 1645 eiectit

157 1649 271 1730 portus
285 1645 503 1728 munitissimi,
517 1649 677 1713 maximae
689 1649 935 1732 tutissimaeque
944 1649 1041 1714 urbes
1051 1650 1163 1734 piratis
1189 1693 1192 1734 3

156 1733 438 1818 praedonibusque
446 1735 638 1820 patefactae,
654 1740 773 1801 nautae
782 1736 968 1821 militesque
976 1735 1162 1822 Siculorum,
1191 1785 1192 1790 η

157 1822 237 1887 socii
259 1823 365 1886 nostri
387 1826 486 1907 atque
509 1824 614 1906 amici,
635 1823 722 1888 fame
744 1824 860 1907 necati,
883 1825 1004 1890 classes
1023 1827 1163 1911 optimae
1190 1887 1192 1892 .

157 1913 258 1994 atque
284 1910 556 1994 oporumissimae
587 1933 661 1977 oum
692 1933 812 1998 magna
842 1911 1023 1998 ignominia
1053 1915 1162 2000 populi

104 2015 138 2064 14
156 1996 296 2062 Romani
315 1998 454 2062 amissae
473 2002 507 2061 et
523 1999 678 2082 perditae.
714 1999 804 2064 Idem
821 2000 884 2064 istc
902 2005 1034 2086 praetor
1056 2024 1186 2068 monn-s

156 2087 267 2147 menta
296 2084 524 2166 antiquissima
546 2086 668 2168 partim
691 2109 805 2174 regum
827 2089 1161 2174 locupletissimorum,

157 2190 239 2252 quac
270 2168 322 2232 illi
349 2174 539 2234 ornamento
566 2172 702 2238 urbibus
727 2197 797 2241 esse
827 2177 1013 2262 voluerunt,
1044 2181 1161 2262 partim

156 2255 256 2320 etiam
268 2259 456 2322 nostrorum
469 2257 712 2345 imperatorum,
729 2285 811 2347 quae
824 2264 964 2330 victores
978 2266 1162 2331 civitatibus

156 2341 272 2408 Siculis
291 2347 348 2408 aut
370 2343 526 2410 dederunt
543 2351 602 2412 aut
614 2349 831 2435 reddiderunt,
849 2353 1004 2437 spoliavit
1017 2355 1160 2419 nudant

156 2451 218 2514 que
232 2431 349 2496 omnia.
376 2431 490 2517 Neque
507 2435 570 2500 boc
589 2437 694 2501 solum
712 2438 747 2502 in
765 2441 883 2504 statuis
902 2443 1189 2526 ornamentisque!

154 2517 294 2603 publicis
307 2518 394 2604 fecit,
409 2521 466 2585 sed
479 2521 579 2587 etiam
593 2524 730 2590 delubra
743 2527 852 2592 omnia
866 2529 1079 2594 sanctissimis
1092 2531 1162 2594 reli-

155 2605 307 2693 gionibus
342 2614 530 2674 consecrata
562 2612 770 2697 depeculatus
802 2619 867 2699 est,
898 2616 993 2682 deum
1030 2617 1162 2702 denique

154 2695 281 2760 nullum
296 2691 423 2780 Siculis,
437 2697 492 2780 qui
507 2699 537 2763 ei
549 2701 649 2783 paulo
663 2701 769 2786 magis
783 2703 906 2768 affabre
919 2708 1017 2788 atque
1031 2707 1161 2790 antiquo

155 2783 292 2850 artificio
315 2783 421 2849 factus
443 2785 616 2871 videretur,
637 2788 778 2872 reliquit,
822 2789 862 2855 In
886 2792 1008 2877 stupris
1031 2815 1108 2860 vcro
1129 2799 1161 2858 et

154 2870 289 2957 flagitiis
316 2871 458 2938 nolanus
491 2874 558 2938 eius
587 2875 737 2941 libidines
768 2899 1021 2946 commemorare
1043 2883 1190 2966 pudores

155 2957 332 3044 deterreor;
362 2959 459 3025 simul
483 2961 615 3027 illorum
639 2965 859 3030 calamitatem
883 2971 1159 3036 commemorando

103 3048 1001 3219 1„{stellatis¹{llzltlllulslltffll
1014 3058 1160 3210 lilii

155 3215 240 3317 enim
263 3217 343 3284 haec
365 3222 414 3287 ita
435 3223 609 3290 commissa
632 3232 708 3291 sunt
731 3228 773 3293 ab
795 3229 870 3314 isto,
893 3235 1015 3297 utnon
1033 3235 1159 3320 cognita

155 3305 221 3401 sint
253 3303 294 3367 ab
323 3309 481 3375 omnibus.
526 3311 701 3380 Hominem
728 3337 798 3380 esse
826 3319 968 3383 arbitror
992 3323 1158 3403 neminem,
1179 3354 1193 3377 s

155 3407 212 3486 qun
233 3409 351 3454 nomen
368 3393 464 3459 istius
482 3399 629 3484 audierit,
652 3402 730 3485 quin
746 3402 836 3468 facta
854 3428 981 3490 quoque
995 3409 1066 3474 eins
1079 3410 1160 3474 nefa-

154 3493 204 3522 Μ
227 3495 478 3546 commemorare
498 3487 612 3570 possit,
635 3493 673 3552 ut
691 3491 771 3556 mihi
790 3494 896 3578 magis
913 3495 1094 3562 timendum
1113 3499 1160 3578 sit,
