2404 3928
290 171 357 227 mn.
370 173 410 228 lv
442 171 518 228 cnr.
539 179 642 229 rc-re
661 180 676 240 s
695 181 808 230 ac-ee
987 177 1052 242 379

45 314 106 380 ‘Ita
120 313 262 399 opinor?
291 313 373 399 Scio,
386 317 527 399 inquam.
558 315 737 384 ‘Proferam
751 318 902 385 litteras?
930 319 1053 386 Tamen

43 403 74 466 id
95 403 225 468 factum
246 425 312 468 non
335 405 489 490 oportuit.
529 403 561 468 Α
583 405 708 490 pupillo
732 405 824 491 Heio,
847 408 899 472 cui
922 406 956 473 Ο.
969 409 1053 474 Mar-

44 492 144 556 cellus
173 495 266 556 tutor
289 496 351 575 est,
379 515 484 576 aqnc
507 493 677 578 pecuniam
700 494 856 581 grandem
880 496 1053 580 eripueras,

44 579 181 664 scaphia
208 603 280 646 cum
308 581 512 646 emblematis
534 581 682 664 Lilybaei
709 588 819 649 utrum
847 588 957 668 empta
983 605 1052 649 csse

23 667 121 733 adicis
146 689 193 732 an
215 669 378 735 confiteris
401 669 534 754 erepta?

107 754 174 821 Sed
203 757 280 841 quid
302 779 363 844 ego
385 757 480 822 istius
504 757 539 821 in
562 758 629 823 eius
652 759 741 824 modi
763 760 859 826 rebus
882 760 1052 826 mediocris
1071 774 1105 824 38

45 844 180 910 iniurias
200 845 330 931 colligo,
353 868 435 929 quae
452 850 581 911 tantum
605 847 700 912 modo
724 848 878 914 infantis
901 849 996 914 istius
1020 854 1053 914 et

45 933 171 997 damnis
201 954 326 1017 eorum,
354 934 512 1018 aquibus
536 933 717 1018 auferebat,
744 941 892 1003 versatae
916 959 986 1003 esse
1008 938 1054 1004 vi·

48 1019 205 1086 deantur?
247 1023 406 1108 Accipite,
430 1023 458 1086 si
479 1023 593 1106 voltis,
615 1022 749 1106 iudices,
772 1045 841 1088 rem
864 1025 932 1091 eius
955 1025 1052 1110 modi,

16 1123 36 1164 1⁰
46 1113 79 1173 ut
100 1110 283 1175 amentiam
306 1111 506 1197 singularem
528 1115 560 1176 et
582 1111 725 1177 furorem
747 1111 823 1196 iam,
844 1135 911 1178 non
933 1113 1053 1198 cupidi-

46 1201 144 1262 tatem
180 1199 250 1263 eius
282 1200 462 1284 perspicere
489 1199 633 1285 possitis.
682 1199 862 1266 Melitensis
889 1201 1051 1266 Diodorus
1064 1209 1104 1272 18

48 1291 100 1368 est,
119 1287 178 1370 qui
197 1287 284 1370 apud
302 1309 360 1353 ros
380 1292 477 1353 antea
494 1287 717 1353 testimonium
736 1288 826 1354 dixit
857 1287 890 1353 Is
904 1287 1053 1372 Lilybaei

48 1375 165 1440 multos
192 1376 261 1440 iam
287 1397 389 1441 annos
416 1377 558 1458 habitat,
585 1376 684 1441 homo
710 1380 743 1440 et
766 1377 854 1442 domi
876 1377 995 1442 nobilis
1019 1382 1053 1443 et

50 1463 128 1546 apud
147 1485 215 1548 ecs,
234 1485 297 1548 qno
317 1485 352 1529 se
370 1465 518 1548 contulit,
540 1468 675 1549 propter
691 1465 846 1531 virtutem
866 1466 1051 1550 splendidus

21 1553 77 1612 bet
102 1552 280 1637 gratiosus.
324 1551 373 1617 De
400 1553 462 1618 hoc
480 1552 576 1618 Verri
604 1553 721 1619 dicitur
742 1554 863 1619 habere
886 1575 960 1620 eum
982 1577 1053 1639 per-

50 1637 128 1704 bona
155 1645 354 1724 toreumata3
380 1640 416 1705 in
442 1641 493 1706 his
520 1641 638 1726 pocula
665 1641 836 1726 quaedam,
864 1664 945 1725 quae
969 1642 1052 1708 The-

50 1725 135 1792 riclia
171 1729 398 1814 nominantur,
431 1729 589 1794 Mentoris
626 1751 724 1794 mann
756 1751 881 1794 summo
914 1731 1051 1795 artificio
1172 1729 1174 1735 ’

51 1811 139 1880 lacta.
185 1816 279 1892 Quod
308 1817 370 1881 iste
397 1818 454 1882 ubi
482 1817 618 1899 audivit,
651 1817 697 1881 sic
724 1817 899 1901 cupiditate
927 1818 1052 1883 inflam-

51 1907 151 1969 matus
180 1910 233 1970 est
259 1907 458 1970 nouaclum
480 1904 684 1989 inspiciendi,
710 1926 822 1970 verum
846 1905 944 1969 etiam
967 1905 1052 1971 aufe·
1137 1944 1140 1950 ·

23 1992 147 2076 arenci,
174 1997 214 2064 ut
236 1992 416 2059 Diodorum
443 1993 484 2059 ad
512 2015 545 2057 se
573 1996 703 2058 vocaret
726 2014 764 2058 ae
786 1997 941 2077 posceret.
981 1991 1052 2077 Ille,

54 2078 100 2160 qni
130 2078 191 2146 illa
223 2103 290 2146 non
320 2082 442 2148 invitus
469 2081 619 2165 haberet,
650 2080 817 2165 respondit
842 2079 990 2165 Lilybaei
1018 2103 1052 2146 se

52 2185 110 2231 ncn
126 2169 258 2253 habere,
280 2169 411 2236 Melitae
429 2170 514 2254 apud
535 2169 695 2253 quendam
717 2169 934 2254 propinquom
957 2191 1051 2235 snum

53 2255 224 2342 reliquisse.
265 2257 348 2322 Tum
374 2259 437 2324 iste
465 2259 616 2323 continuo
644 2258 748 2324 mittit
774 2258 1051 2325 homines-certos
1071 2271 1104 2320 39

53 2338 207 2431 Melitam,
234 2346 347 2412 scribit
375 2347 415 2411 ad
443 2346 601 2430 quosdam
623 2345 824 2429 Melitenses,
851 2350 888 2411 ut
913 2369 951 2412 ea
974 2369 1052 2413 vasa

26 2435 245 2519 ²⁵perquimnt,
267 2439 364 2521 rogat
381 2435 577 2516 Diodorum·
592 2438 630 2498 ut
656 2433 697 2498 ad
718 2434 813 2498 illum
835 2434 1052 2519 propinquom

55 2537 138 2586 suum
167 2524 223 2588 det
249 2523 392 2607 litteras3
419 2523 503 2588 nihil
531 2523 561 2587 ei
588 2521 717 2606 longius
745 2521 927 2604 videbatur,
955 2543 1052 2605 quam

56 2604 121 2673 dum
147 2611 232 2676 illud
259 2611 383 2676 videret
410 2615 591 2697 argentum.
635 2609 812 2692 Diodorus,
839 2610 937 2674 homo
964 2609 1053 2694 frugi

56 2714 88 2758 αθ
115 2699 269 2787 diligens,
300 2701 357 2784 qui
384 2722 443 2765 sna
469 2720 598 2764 serrare
624 2697 738 2781 vellet,
770 2697 811 2762 ad
837 2697 1052 2782 propinquom

57 2801 140 2852 snum
167 2788 294 2871 scribit,
321 2792 358 2854 ut
384 2788 439 2871 iis,
467 2787 523 2872 qui
550 2784 693 2852 aVerre
719 2787 895 2869 venissent,
923 2806 1052 2868 respon·

29 2868 136 2939 ³⁰deret
166 2869 249 2941 illud
281 2880 453 2962 argentum
485 2897 519 2940 se
550 2875 661 2958 paucis
691 2874 758 2938 illis
785 2874 897 2939 diebus
924 2873 1052 2938 misisse

57 2955 246 3044 Lilybaeum.
281 2963 356 3049 Ipse
374 2965 499 3030 interea
520 2963 653 3046 recedit3
678 2962 791 3027 abesse
814 2984 834 3026 a
857 2960 953 3028 domo
976 2983 1052 3043 pan-

57 3043 146 3132 lisper
181 3053 299 3118 maluit
335 3051 432 3137 quam
468 3073 622 3136 praesens
658 3050 740 3115 illud
776 3049 897 3133 optime
929 3047 1052 3114 factum

59 3146 218 3222 argentum
245 3141 404 3207 amittere.
445 3140 539 3217 Quod
561 3140 617 3205 ubi
640 3138 702 3204 iste
725 3137 862 3220 audivit,
889 3159 991 3222 usque
1014 3159 1051 3203 eo

60 3236 227 3297 commotus
247 3234 306 3315 est,
328 3234 366 3295 ut
385 3229 453 3294 sine
471 3229 541 3293 nlla
561 3226 764 3292 dubitatione
787 3225 929 3291 insanire
952 3226 1053 3292 omni·

31 3306 110 3378 ³⁵bus
136 3339 173 3384 ac
198 3319 305 3384 furere
331 3318 503 3383 videretur.
549 3315 631 3392 Quia
656 3336 724 3379 ncn
750 3317 902 3397 potuerat
930 3313 1053 3398 eripere

62 3411 217 3485 argentum
249 3408 334 3493 ipse,
365 3428 384 3471 a
411 3405 554 3470 Diodoro
587 3406 699 3489 erepta
731 3403 794 3467 sibi
825 3423 903 3468 vasa
931 3403 1054 3486 optime

61 3482 136 3556 facta
170 3495 310 3580 dicebat3
347 3494 492 3560 minitari
529 3493 656 3558 absenti
689 3490 847 3576 Diodoro,
883 3489 1054 3557 vociferari
