<?xml version="1.0" encoding="UTF-8"?>
<!DOCTYPE html PUBLIC "-//W3C//DTD XHTML 1.0 Transitional//EN"
    "http://www.w3.org/TR/xhtml1/DTD/xhtml1-transitional.dtd">
<html xmlns="http://www.w3.org/1999/xhtml" xml:lang="en" lang="en">
 <head>
  <title>
</title>
<meta http-equiv="Content-Type" content="text/html;charset=utf-8" />
  <meta name='ocr-system' content='tesseract 3.04.00' />
  <meta name='ocr-capabilities' content='ocr_page ocr_carea ocr_par ocr_line ocrx_word'/>
</head>
<body>
  <div class='ocr_page' id='page_1' title='image "./mtulliiciceroni02mlgoog/mtulliiciceroni02mlgoog_0604.png"; bbox 0 0 2470 3936; ppageno 0'>
   <div class='ocr_carea' id='block_1_1' title="bbox 296 137 1079 205">
    <p class='ocr_par' dir='ltr' id='par_1_1' title="bbox 296 137 1079 205">
     <span class='ocr_line' id='line_1_1' title="bbox 296 137 1079 205; baseline 0.015 -14"><span class='ocrx_word' id='word_1_1' title='bbox 296 137 405 194; x_wconf 69' lang='lat' dir='ltr'><strong>elev</strong></span> <span class='ocrx_word' id='word_1_2' title='bbox 437 138 515 194; x_wconf 79' lang='lat' dir='ltr'><strong>cAP.</strong></span> <span class='ocrx_word' id='word_1_3' title='bbox 536 143 642 195; x_wconf 81' lang='lat' dir='ltr'><strong>er-ro</strong></span> <span class='ocrx_word' id='word_1_4' title='bbox 660 141 675 205; x_wconf 71' lang='lat' dir='ltr'>s</span> <span class='ocrx_word' id='word_1_5' title='bbox 695 143 843 194; x_wconf 78' lang='lat' dir='ltr'><strong>rra-rue.</strong></span> <span class='ocrx_word' id='word_1_6' title='bbox 1011 138 1079 204; x_wconf 82' lang='lat'><strong>495</strong></span> 
     </span>
    </p>
   </div>
   <div class='ocr_carea' id='block_1_2' title="bbox 68 279 1077 633">
    <p class='ocr_par' dir='ltr' id='par_1_2' title="bbox 68 279 1077 633">
     <span class='ocr_line' id='line_1_2' title="bbox 68 279 1077 367; baseline 0.006 -23"><span class='ocrx_word' id='word_1_7' title='bbox 68 279 333 346; x_wconf 79' lang='lat' dir='ltr'><strong>excusationibus</strong></span> <span class='ocrx_word' id='word_1_8' title='bbox 348 285 445 348; x_wconf 88' lang='lat' dir='ltr'><strong>antea</strong></span> <span class='ocrx_word' id='word_1_9' title='bbox 460 281 598 348; x_wconf 89' lang='lat' dir='ltr'><strong>nimium</strong></span> <span class='ocrx_word' id='word_1_10' title='bbox 616 283 652 348; x_wconf 90' lang='lat' dir='ltr'><strong>in</strong></span> <span class='ocrx_word' id='word_1_11' title='bbox 670 282 780 367; x_wconf 84' lang='lat' dir='ltr'><strong>aliquo</strong></span> <span class='ocrx_word' id='word_1_12' title='bbox 797 281 915 350; x_wconf 90' lang='lat' dir='ltr'><strong>iudicio</strong></span> <span class='ocrx_word' id='word_1_13' title='bbox 935 283 1077 350; x_wconf 85' lang='lat' dir='ltr'><strong>studium</strong></span> 
     </span>
     <span class='ocr_line' id='line_1_3' title="bbox 68 368 1077 455; baseline 0.004 -22"><span class='ocrx_word' id='word_1_14' title='bbox 68 372 164 434; x_wconf 91' lang='lat' dir='ltr'><strong>tuum</strong></span> <span class='ocrx_word' id='word_1_15' title='bbox 184 368 353 435; x_wconf 78' lang='lat' dir='ltr'>defendere</span> <span class='ocrx_word' id='word_1_16' title='bbox 372 369 511 455; x_wconf 86' lang='lat' dir='ltr'><strong>solebas,</strong></span> <span class='ocrx_word' id='word_1_17' title='bbox 534 392 646 437; x_wconf 88' lang='lat' dir='ltr'><strong>earum</strong></span> <span class='ocrx_word' id='word_1_18' title='bbox 662 371 783 436; x_wconf 86' lang='lat' dir='ltr'><strong>habere</strong></span> <span class='ocrx_word' id='word_1_19' title='bbox 805 371 840 435; x_wconf 93' lang='lat' dir='ltr'><strong>in</strong></span> <span class='ocrx_word' id='word_1_20' title='bbox 861 371 924 436; x_wconf 90' lang='lat' dir='ltr'><strong>hoo</strong></span> <span class='ocrx_word' id='word_1_21' title='bbox 946 371 1077 437; x_wconf 90' lang='lat' dir='ltr'><strong>homine</strong></span> 
     </span>
     <span class='ocr_line' id='line_1_4' title="bbox 68 456 1077 544; baseline 0.005 -23"><span class='ocrx_word' id='word_1_22' title='bbox 68 456 197 522; x_wconf 89' lang='lat' dir='ltr'><strong>nullam</strong></span> <span class='ocrx_word' id='word_1_23' title='bbox 210 461 313 541; x_wconf 83' lang='lat' dir='ltr'><strong>potes.</strong></span> <span class='ocrx_word' id='word_1_24' title='bbox 345 457 435 536; x_wconf 84' lang='lat' dir='ltr'><strong>Quae</strong></span> <span class='ocrx_word' id='word_1_25' title='bbox 449 459 511 523; x_wconf 84' lang='lat' dir='ltr'><strong>iste</strong></span> <span class='ocrx_word' id='word_1_26' title='bbox 529 459 564 524; x_wconf 90' lang='lat' dir='ltr'><strong>in</strong></span> <span class='ocrx_word' id='word_1_27' title='bbox 582 459 749 543; x_wconf 87' lang='lat' dir='ltr'><strong>provincia</strong></span> <span class='ocrx_word' id='word_1_28' title='bbox 766 459 877 544; x_wconf 89' lang='lat' dir='ltr'><strong>palam</strong></span> <span class='ocrx_word' id='word_1_29' title='bbox 895 459 1077 544; x_wconf 72' lang='lat' dir='ltr'><strong>dictitabat,</strong></span> 
     </span>
     <span class='ocr_line' id='line_1_5' title="bbox 69 545 1077 633; baseline 0.002 -21"><span class='ocrx_word' id='word_1_30' title='bbox 69 567 145 612; x_wconf 90' lang='lat' dir='ltr'><strong>oum</strong></span> <span class='ocrx_word' id='word_1_31' title='bbox 172 566 223 629; x_wconf 89' lang='lat' dir='ltr'><strong>ea,</strong></span> <span class='ocrx_word' id='word_1_32' title='bbox 250 567 333 630; x_wconf 90' lang='lat' dir='ltr'><strong>quae</strong></span> <span class='ocrx_word' id='word_1_33' title='bbox 353 545 508 631; x_wconf 77' lang='lat' dir='ltr'><strong>faciebat,</strong></span> <span class='ocrx_word' id='word_1_34' title='bbox 536 550 593 612; x_wconf 88' lang='lat' dir='ltr'><strong>tua</strong></span> <span class='ocrx_word' id='word_1_35' title='bbox 616 569 651 612; x_wconf 91' lang='lat' dir='ltr'><strong>se</strong></span> <span class='ocrx_word' id='word_1_36' title='bbox 673 547 790 613; x_wconf 88' lang='lat' dir='ltr'><strong>fiducia</strong></span> <span class='ocrx_word' id='word_1_37' title='bbox 811 547 917 614; x_wconf 87' lang='lat' dir='ltr'><strong>facere</strong></span> <span class='ocrx_word' id='word_1_38' title='bbox 940 548 1077 633; x_wconf 88' lang='lat' dir='ltr'><strong>dicebat,</strong></span> 
     </span>
    </p>
   </div>
   <div class='ocr_carea' id='block_1_3' title="bbox 43 634 1206 720">
    <p class='ocr_par' dir='ltr' id='par_1_3' title="bbox 43 634 1206 720">
     <span class='ocr_line' id='line_1_6' title="bbox 43 634 1206 720; baseline 0.004 -22"><span class='ocrx_word' id='word_1_39' title='bbox 43 649 109 699; x_wconf 70' lang='lat' dir='ltr'><strong>sea</strong></span> <span class='ocrx_word' id='word_1_40' title='bbox 135 655 177 699; x_wconf 89' lang='lat' dir='ltr'><strong>ne</strong></span> <span class='ocrx_word' id='word_1_41' title='bbox 203 656 281 700; x_wconf 85' lang='lat' dir='ltr'><strong>vera</strong></span> <span class='ocrx_word' id='word_1_42' title='bbox 296 638 476 720; x_wconf 85' lang='lat' dir='ltr'><strong>putentur,</strong></span> <span class='ocrx_word' id='word_1_43' title='bbox 503 635 566 701; x_wconf 90' lang='lat' dir='ltr'><strong>tibi</strong></span> <span class='ocrx_word' id='word_1_44' title='bbox 592 634 731 701; x_wconf 86' lang='lat' dir='ltr'><strong>maxime</strong></span> <span class='ocrx_word' id='word_1_45' title='bbox 759 639 808 701; x_wconf 89' lang='lat' dir='ltr'><strong>est</strong></span> <span class='ocrx_word' id='word_1_46' title='bbox 834 636 1077 720; x_wconf 82' lang='lat' dir='ltr'><strong>providendum.</strong></span> <span class='ocrx_word' id='word_1_47' title='bbox 1205 672 1206 676; x_wconf 57' lang='lat'><em>=</em></span> 
     </span>
    </p>
   </div>
   <div class='ocr_carea' id='block_1_4' title="bbox 31 697 1129 3546">
    <p class='ocr_par' dir='ltr' id='par_1_4' title="bbox 67 697 1129 1074">
     <span class='ocr_line' id='line_1_7' title="bbox 67 697 1129 826; baseline 0 -36"><span class='ocrx_word' id='word_1_48' title='bbox 67 721 143 808; x_wconf 80' lang='lat' dir='ltr'><strong>Ego</strong></span> <span class='ocrx_word' id='word_1_49' title='bbox 171 722 236 786; x_wconf 89' lang='lat' dir='ltr'><strong>mei</strong></span> <span class='ocrx_word' id='word_1_50' title='bbox 263 723 423 788; x_wconf 87' lang='lat' dir='ltr'><strong>rationem</strong></span> <span class='ocrx_word' id='word_1_51' title='bbox 450 723 517 788; x_wconf 88' lang='lat' dir='ltr'><strong>iam</strong></span> <span class='ocrx_word' id='word_1_52' title='bbox 545 723 644 789; x_wconf 88' lang='lat' dir='ltr'><strong>officii</strong></span> <span class='ocrx_word' id='word_1_53' title='bbox 667 724 792 790; x_wconf 88' lang='lat' dir='ltr'><strong>confido</strong></span> <span class='ocrx_word' id='word_1_54' title='bbox 815 739 886 790; x_wconf 88' lang='lat' dir='ltr'><strong>esse</strong></span> <span class='ocrx_word' id='word_1_55' title='bbox 909 725 1058 790; x_wconf 76' lang='lat' dir='ltr'><strong>omnibus</strong></span> <span class='ocrx_word' id='word_1_56' title='bbox 1078 697 1129 826; x_wconf 54' lang='lat'><strong>,672</strong></span> 
     </span>
     <span class='ocr_line' id='line_1_8' title="bbox 68 810 1077 898; baseline 0.004 -24"><span class='ocrx_word' id='word_1_57' title='bbox 68 810 283 894; x_wconf 83' lang='lat' dir='ltr'>iniquissimis</span> <span class='ocrx_word' id='word_1_58' title='bbox 302 811 383 876; x_wconf 86' lang='lat' dir='ltr'><strong>meis</strong></span> <span class='ocrx_word' id='word_1_59' title='bbox 401 812 617 898; x_wconf 68' lang='lat' dir='ltr'><strong>persolutam,</strong></span> <span class='ocrx_word' id='word_1_60' title='bbox 638 833 715 878; x_wconf 88' lang='lat' dir='ltr'><strong>nam</strong></span> <span class='ocrx_word' id='word_1_61' title='bbox 733 812 835 878; x_wconf 87' lang='lat' dir='ltr'><strong>istum</strong></span> <span class='ocrx_word' id='word_1_62' title='bbox 852 813 963 898; x_wconf 93' lang='lat' dir='ltr'><strong>paucis</strong></span> <span class='ocrx_word' id='word_1_63' title='bbox 985 813 1077 878; x_wconf 84' lang='lat' dir='ltr'><strong>horis</strong></span> 
     </span>
     <span class='ocr_line' id='line_1_9' title="bbox 67 897 1076 982; baseline 0.004 -19"><span class='ocrx_word' id='word_1_64' title='bbox 67 897 195 982; x_wconf 82' lang='lat' dir='ltr'><strong>primae</strong></span> <span class='ocrx_word' id='word_1_65' title='bbox 233 899 369 965; x_wconf 86' lang='lat' dir='ltr'><strong>actionis</strong></span> <span class='ocrx_word' id='word_1_66' title='bbox 406 899 550 966; x_wconf 90' lang='lat' dir='ltr'><strong>omnium</strong></span> <span class='ocrx_word' id='word_1_67' title='bbox 581 900 770 966; x_wconf 70' lang='lat' dir='ltr'><strong>mortalium</strong></span> <span class='ocrx_word' id='word_1_68' title='bbox 803 901 972 967; x_wconf 86' lang='lat' dir='ltr'><strong>sententiis</strong></span> <span class='ocrx_word' id='word_1_69' title='bbox 1004 923 1076 967; x_wconf 88' lang='lat' dir='ltr'><strong>con·</strong></span> 
     </span>
     <span class='ocr_line' id='line_1_10' title="bbox 70 985 1076 1074; baseline 0.002 -22"><span class='ocrx_word' id='word_1_70' title='bbox 70 985 229 1052; x_wconf 87' lang='lat' dir='ltr'><strong>demnavi.</strong></span> <span class='ocrx_word' id='word_1_71' title='bbox 273 987 448 1072; x_wconf 89' lang='lat' dir='ltr'><strong>Reliquum</strong></span> <span class='ocrx_word' id='word_1_72' title='bbox 475 988 629 1054; x_wconf 89' lang='lat' dir='ltr'><strong>iudicium</strong></span> <span class='ocrx_word' id='word_1_73' title='bbox 655 989 722 1054; x_wconf 88' lang='lat' dir='ltr'><strong>iam</strong></span> <span class='ocrx_word' id='word_1_74' title='bbox 748 1010 814 1054; x_wconf 92' lang='lat' dir='ltr'><strong>non</strong></span> <span class='ocrx_word' id='word_1_75' title='bbox 842 989 880 1054; x_wconf 89' lang='lat' dir='ltr'><strong>de</strong></span> <span class='ocrx_word' id='word_1_76' title='bbox 908 1011 980 1055; x_wconf 88' lang='lat' dir='ltr'><strong>mea</strong></span> <span class='ocrx_word' id='word_1_77' title='bbox 1004 990 1076 1074; x_wconf 89' lang='lat' dir='ltr'><strong>fide,</strong></span> 
     </span>
    </p>

    <p class='ocr_par' dir='ltr' id='par_1_5' title="bbox 32 1076 1076 1516">
     <span class='ocr_line' id='line_1_11' title="bbox 32 1076 1076 1162; baseline 0.003 -22"><span class='ocrx_word' id='word_1_78' title='bbox 32 1089 56 1129; x_wconf 85' lang='lat'><strong>¹⁰</strong></span> <span class='ocrx_word' id='word_1_79' title='bbox 69 1096 153 1159; x_wconf 86' lang='lat' dir='ltr'><strong>quae</strong></span> <span class='ocrx_word' id='word_1_80' title='bbox 172 1077 343 1160; x_wconf 88' lang='lat' dir='ltr'><strong>perspecta</strong></span> <span class='ocrx_word' id='word_1_81' title='bbox 366 1080 429 1161; x_wconf 86' lang='lat' dir='ltr'><strong>est,</strong></span> <span class='ocrx_word' id='word_1_82' title='bbox 451 1098 511 1143; x_wconf 89' lang='lat' dir='ltr'><strong>nee</strong></span> <span class='ocrx_word' id='word_1_83' title='bbox 534 1077 572 1142; x_wconf 91' lang='lat' dir='ltr'><strong>de</strong></span> <span class='ocrx_word' id='word_1_84' title='bbox 594 1077 690 1142; x_wconf 86' lang='lat' dir='ltr'><strong>istius</strong></span> <span class='ocrx_word' id='word_1_85' title='bbox 712 1076 794 1162; x_wconf 83' lang='lat' dir='ltr'><strong>vita,</strong></span> <span class='ocrx_word' id='word_1_86' title='bbox 818 1097 899 1162; x_wconf 89' lang='lat' dir='ltr'><strong>quae</strong></span> <span class='ocrx_word' id='word_1_87' title='bbox 923 1077 1076 1144; x_wconf 88' lang='lat' dir='ltr'><strong>damnata</strong></span> 
     </span>
     <span class='ocr_line' id='line_1_12' title="bbox 54 1163 1076 1250; baseline 0.001 -20"><span class='ocrx_word' id='word_1_88' title='bbox 54 1163 209 1247; x_wconf 79' lang='lat' dir='ltr'><strong>.est„sed</strong></span> <span class='ocrx_word' id='word_1_89' title='bbox 228 1163 266 1229; x_wconf 91' lang='lat' dir='ltr'><strong>de</strong></span> <span class='ocrx_word' id='word_1_90' title='bbox 283 1164 443 1230; x_wconf 86' lang='lat' dir='ltr'><strong>iudicibus</strong></span> <span class='ocrx_word' id='word_1_91' title='bbox 462 1169 504 1249; x_wconf 89' lang='lat' dir='ltr'><strong>et,</strong></span> <span class='ocrx_word' id='word_1_92' title='bbox 526 1185 603 1230; x_wconf 80' lang='lat' dir='ltr'><strong>vere</strong></span> <span class='ocrx_word' id='word_1_93' title='bbox 619 1169 657 1230; x_wconf 88' lang='lat' dir='ltr'><strong>ut</strong></span> <span class='ocrx_word' id='word_1_94' title='bbox 676 1164 789 1250; x_wconf 89' lang='lat' dir='ltr'><strong>dicam,</strong></span> <span class='ocrx_word' id='word_1_95' title='bbox 812 1165 851 1231; x_wconf 92' lang='lat' dir='ltr'><strong>de</strong></span> <span class='ocrx_word' id='word_1_96' title='bbox 872 1170 907 1231; x_wconf 87' lang='lat' dir='ltr'><strong>te</strong></span> <span class='ocrx_word' id='word_1_97' title='bbox 929 1165 1076 1231; x_wconf 74' lang='lat' dir='ltr'><strong>buturum</strong></span> 
     </span>
     <span class='ocr_line' id='line_1_13' title="bbox 69 1251 1076 1338; baseline 0.003 -22"><span class='ocrx_word' id='word_1_98' title='bbox 69 1255 130 1317; x_wconf 90' lang='lat' dir='ltr'><strong>est.</strong></span> <span class='ocrx_word' id='word_1_99' title='bbox 169 1251 217 1316; x_wconf 83' lang='lat' dir='ltr'><strong>Ac</strong></span> <span class='ocrx_word' id='word_1_100' title='bbox 242 1273 306 1337; x_wconf 92' lang='lat' dir='ltr'><strong>quo</strong></span> <span class='ocrx_word' id='word_1_101' title='bbox 328 1257 475 1337; x_wconf 89' lang='lat' dir='ltr'><strong>tempore</strong></span> <span class='ocrx_word' id='word_1_102' title='bbox 497 1252 643 1319; x_wconf 86' lang='lat' dir='ltr'><strong>futurum</strong></span> <span class='ocrx_word' id='word_1_103' title='bbox 667 1255 739 1320; x_wconf 82' lang='lat' dir='ltr'><strong>est‘?</strong></span> <span class='ocrx_word' id='word_1_104' title='bbox 767 1254 858 1338; x_wconf 90' lang='lat' dir='ltr'><strong>(nam</strong></span> <span class='ocrx_word' id='word_1_105' title='bbox 879 1254 913 1318; x_wconf 90' lang='lat' dir='ltr'><strong>id</strong></span> <span class='ocrx_word' id='word_1_106' title='bbox 936 1256 1076 1320; x_wconf 86' lang='lat' dir='ltr'><strong>maxime</strong></span> 
     </span>
     <span class='ocr_line' id='line_1_14' title="bbox 68 1339 1076 1427; baseline 0.004 -23"><span class='ocrx_word' id='word_1_107' title='bbox 68 1339 303 1425; x_wconf 81' lang='lat' dir='ltr'><strong>providendum</strong></span> <span class='ocrx_word' id='word_1_108' title='bbox 324 1346 387 1426; x_wconf 68' lang='lat' dir='ltr'><strong>est,</strong></span> <span class='ocrx_word' id='word_1_109' title='bbox 411 1341 530 1407; x_wconf 89' lang='lat' dir='ltr'><strong>etenim</strong></span> <span class='ocrx_word' id='word_1_110' title='bbox 554 1363 627 1408; x_wconf 88' lang='lat' dir='ltr'><strong>cum</strong></span> <span class='ocrx_word' id='word_1_111' title='bbox 646 1341 805 1408; x_wconf 81' lang='lat' dir='ltr'><strong>omnibus</strong></span> <span class='ocrx_word' id='word_1_112' title='bbox 819 1343 854 1406; x_wconf 93' lang='lat' dir='ltr'><strong>in</strong></span> <span class='ocrx_word' id='word_1_113' title='bbox 875 1343 982 1427; x_wconf 88' lang='lat' dir='ltr'><strong>rebus,</strong></span> <span class='ocrx_word' id='word_1_114' title='bbox 1004 1347 1076 1408; x_wconf 91' lang='lat' dir='ltr'><strong>turn</strong></span> 
     </span>
     <span class='ocr_line' id='line_1_15' title="bbox 68 1429 1075 1516; baseline 0.004 -24"><span class='ocrx_word' id='word_1_115' title='bbox 68 1429 105 1492; x_wconf 89' lang='lat' dir='ltr'><strong>in</strong></span> <span class='ocrx_word' id='word_1_116' title='bbox 131 1449 166 1494; x_wconf 91' lang='lat' dir='ltr'><strong>re</strong></span> <span class='ocrx_word' id='word_1_117' title='bbox 192 1429 324 1514; x_wconf 88' lang='lat' dir='ltr'><strong>publiea</strong></span> <span class='ocrx_word' id='word_1_118' title='bbox 350 1451 462 1514; x_wconf 83' lang='lat' dir='ltr'><strong>perine</strong></span> <span class='ocrx_word' id='word_1_119' title='bbox 509 1430 521 1494; x_wconf 97' lang='lat' dir='ltr'><strong>i</strong></span> <span class='ocrx_word' id='word_1_120' title='bbox 545 1431 702 1496; x_wconf 78' lang='lat' dir='ltr'><strong>momenti</strong></span> <span class='ocrx_word' id='word_1_121' title='bbox 725 1433 776 1496; x_wconf 88' lang='lat' dir='ltr'><strong>est</strong></span> <span class='ocrx_word' id='word_1_122' title='bbox 798 1430 883 1496; x_wconf 85' lang='lat' dir='ltr'><strong>ratio</strong></span> <span class='ocrx_word' id='word_1_123' title='bbox 907 1435 1005 1516; x_wconf 88' lang='lat' dir='ltr'><strong>atque</strong></span> <span class='ocrx_word' id='word_1_124' title='bbox 1027 1432 1075 1496; x_wconf 90' lang='lat' dir='ltr'><strong>in·</strong></span> 
     </span>
    </p>

    <p class='ocr_par' dir='ltr' id='par_1_6' title="bbox 33 1515 1077 1957">
     <span class='ocr_line' id='line_1_16' title="bbox 33 1515 1077 1605; baseline 0.002 -23"><span class='ocrx_word' id='word_1_125' title='bbox 33 1529 56 1570; x_wconf 82' lang='lat'><strong>1⁵</strong></span> <span class='ocrx_word' id='word_1_126' title='bbox 70 1515 203 1582; x_wconf 89' lang='lat' dir='ltr'><strong>clinatio</strong></span> <span class='ocrx_word' id='word_1_127' title='bbox 239 1515 439 1605; x_wconf 87' lang='lat' dir='ltr'><strong>temporum)</strong></span> <span class='ocrx_word' id='word_1_128' title='bbox 508 1540 601 1604; x_wconf 88' lang='lat' dir='ltr'><strong>empe</strong></span> <span class='ocrx_word' id='word_1_129' title='bbox 637 1540 689 1603; x_wconf 91' lang='lat' dir='ltr'><strong>ec,</strong></span> <span class='ocrx_word' id='word_1_130' title='bbox 727 1541 800 1584; x_wconf 88' lang='lat' dir='ltr'><strong>cum</strong></span> <span class='ocrx_word' id='word_1_131' title='bbox 836 1519 976 1604; x_wconf 88' lang='lat' dir='ltr'><strong>populus</strong></span> <span class='ocrx_word' id='word_1_132' title='bbox 1013 1518 1077 1584; x_wconf 87' lang='lat' dir='ltr'><strong>Ro-</strong></span> 
     </span>
     <span class='ocr_line' id='line_1_17' title="bbox 69 1605 1076 1692; baseline 0.004 -22"><span class='ocrx_word' id='word_1_133' title='bbox 69 1626 186 1670; x_wconf 90' lang='lat' dir='ltr'><strong>manus</strong></span> <span class='ocrx_word' id='word_1_134' title='bbox 217 1605 305 1671; x_wconf 88' lang='lat' dir='ltr'><strong>aliud</strong></span> <span class='ocrx_word' id='word_1_135' title='bbox 337 1627 439 1692; x_wconf 80' lang='lat' dir='ltr'><strong>genus</strong></span> <span class='ocrx_word' id='word_1_136' title='bbox 469 1606 639 1672; x_wconf 91' lang='lat' dir='ltr'><strong>hominum</strong></span> <span class='ocrx_word' id='word_1_137' title='bbox 671 1611 768 1692; x_wconf 90' lang='lat' dir='ltr'><strong>atque</strong></span> <span class='ocrx_word' id='word_1_138' title='bbox 799 1607 900 1672; x_wconf 88' lang='lat' dir='ltr'><strong>elium</strong></span> <span class='ocrx_word' id='word_1_139' title='bbox 930 1607 1076 1674; x_wconf 87' lang='lat' dir='ltr'><strong>ordinem</strong></span> 
     </span>
     <span class='ocr_line' id='line_1_18' title="bbox 70 1693 1076 1780; baseline 0.003 -23"><span class='ocrx_word' id='word_1_140' title='bbox 70 1694 112 1758; x_wconf 90' lang='lat' dir='ltr'><strong>ad</strong></span> <span class='ocrx_word' id='word_1_141' title='bbox 142 1715 194 1758; x_wconf 89' lang='lat' dir='ltr'><strong>res</strong></span> <span class='ocrx_word' id='word_1_142' title='bbox 226 1693 412 1760; x_wconf 87' lang='lat' dir='ltr'><strong>iudicandas</strong></span> <span class='ocrx_word' id='word_1_143' title='bbox 444 1694 595 1779; x_wconf 79' lang='lat' dir='ltr'><strong>requirit,</strong></span> <span class='ocrx_word' id='word_1_144' title='bbox 625 1716 743 1780; x_wconf 87' lang='lat' dir='ltr'><strong>nempe</strong></span> <span class='ocrx_word' id='word_1_145' title='bbox 774 1695 847 1780; x_wconf 81' lang='lat' dir='ltr'><strong>lege</strong></span> <span class='ocrx_word' id='word_1_146' title='bbox 879 1696 918 1760; x_wconf 90' lang='lat' dir='ltr'><strong>de</strong></span> <span class='ocrx_word' id='word_1_147' title='bbox 949 1695 1076 1760; x_wconf 89' lang='lat' dir='ltr'><strong>iudiciis</strong></span> 
     </span>
     <span class='ocr_line' id='line_1_19' title="bbox 68 1781 1076 1869; baseline 0.003 -24"><span class='ocrx_word' id='word_1_148' title='bbox 68 1781 293 1866; x_wconf 88' lang='lat' dir='ltr'><strong>iudicibusque</strong></span> <span class='ocrx_word' id='word_1_149' title='bbox 310 1783 404 1847; x_wconf 84' lang='lat' dir='ltr'><strong>novis</strong></span> <span class='ocrx_word' id='word_1_150' title='bbox 427 1782 651 1869; x_wconf 83' lang='lat' dir='ltr'><strong>promulgata3</strong></span> <span class='ocrx_word' id='word_1_151' title='bbox 673 1803 772 1867; x_wconf 84' lang='lat' dir='ltr'><strong>quem</strong></span> <span class='ocrx_word' id='word_1_152' title='bbox 794 1804 860 1847; x_wconf 92' lang='lat' dir='ltr'><strong>non</strong></span> <span class='ocrx_word' id='word_1_153' title='bbox 881 1783 910 1848; x_wconf 81' lang='lat' dir='ltr'><strong>ir</strong></span> <span class='ocrx_word' id='word_1_154' title='bbox 934 1784 1076 1868; x_wconf 86' lang='lat' dir='ltr'><strong>promul·</strong></span> 
     </span>
     <span class='ocr_line' id='line_1_20' title="bbox 70 1869 1076 1957; baseline 0.002 -23"><span class='ocrx_word' id='word_1_155' title='bbox 70 1869 176 1956; x_wconf 82' lang='lat' dir='ltr'><strong>gavit,</strong></span> <span class='ocrx_word' id='word_1_156' title='bbox 202 1892 266 1954; x_wconf 91' lang='lat' dir='ltr'><strong>quo</strong></span> <span class='ocrx_word' id='word_1_157' title='bbox 288 1871 419 1936; x_wconf 89' lang='lat' dir='ltr'><strong>nomine</strong></span> <span class='ocrx_word' id='word_1_158' title='bbox 441 1871 658 1957; x_wconf 77' lang='lat' dir='ltr'><strong>proscriptam</strong></span> <span class='ocrx_word' id='word_1_159' title='bbox 681 1870 812 1955; x_wconf 88' lang='lat' dir='ltr'><strong>videtis,</strong></span> <span class='ocrx_word' id='word_1_160' title='bbox 837 1871 894 1936; x_wconf 90' lang='lat' dir='ltr'><strong>sed</strong></span> <span class='ocrx_word' id='word_1_161' title='bbox 916 1870 970 1936; x_wconf 91' lang='lat' dir='ltr'><strong>hie</strong></span> <span class='ocrx_word' id='word_1_162' title='bbox 992 1893 1076 1957; x_wconf 89' lang='lat' dir='ltr'><strong>reus,</strong></span> 
     </span>
    </p>

    <p class='ocr_par' dir='ltr' id='par_1_7' title="bbox 33 1958 1129 2398">
     <span class='ocr_line' id='line_1_21' title="bbox 33 1958 1076 2044; baseline 0.003 -22"><span class='ocrx_word' id='word_1_163' title='bbox 33 1958 136 2041; x_wconf 77' lang='lat' dir='ltr'><strong>ahio,</strong></span> <span class='ocrx_word' id='word_1_164' title='bbox 158 1958 305 2042; x_wconf 88' lang='lat' dir='ltr'><strong>inquam,</strong></span> <span class='ocrx_word' id='word_1_165' title='bbox 329 1981 388 2025; x_wconf 89' lang='lat' dir='ltr'><strong>sua</strong></span> <span class='ocrx_word' id='word_1_166' title='bbox 411 1979 467 2044; x_wconf 87' lang='lat' dir='ltr'><strong>spe</strong></span> <span class='ocrx_word' id='word_1_167' title='bbox 490 1963 588 2044; x_wconf 88' lang='lat' dir='ltr'><strong>atque</strong></span> <span class='ocrx_word' id='word_1_168' title='bbox 611 1959 776 2043; x_wconf 89' lang='lat' dir='ltr'><strong>opinione,</strong></span> <span class='ocrx_word' id='word_1_169' title='bbox 799 1980 897 2042; x_wconf 89' lang='lat' dir='ltr'><strong>quam</strong></span> <span class='ocrx_word' id='word_1_170' title='bbox 921 1959 959 2024; x_wconf 90' lang='lat' dir='ltr'><strong>de</strong></span> <span class='ocrx_word' id='word_1_171' title='bbox 981 1960 1076 2025; x_wconf 82' lang='lat' dir='ltr'><strong>vobis</strong></span> 
     </span>
     <span class='ocr_line' id='line_1_22' title="bbox 68 2045 1076 2134; baseline 0.003 -24"><span class='ocrx_word' id='word_1_172' title='bbox 68 2045 179 2130; x_wconf 89' lang='lat' dir='ltr'><strong>habet,</strong></span> <span class='ocrx_word' id='word_1_173' title='bbox 202 2047 310 2134; x_wconf 82' lang='lat' dir='ltr'><strong>legem</strong></span> <span class='ocrx_word' id='word_1_174' title='bbox 327 2047 420 2113; x_wconf 89' lang='lat' dir='ltr'><strong>illam</strong></span> <span class='ocrx_word' id='word_1_175' title='bbox 440 2046 643 2113; x_wconf 84' lang='lat' dir='ltr'><strong>scribendam</strong></span> <span class='ocrx_word' id='word_1_176' title='bbox 665 2047 1000 2133; x_wconf 83' lang='lat' dir='ltr'><strong>promulgandamque</strong></span> <span class='ocrx_word' id='word_1_177' title='bbox 1022 2070 1076 2113; x_wconf 87' lang='lat' dir='ltr'><strong>cu-</strong></span> 
     </span>
     <span class='ocr_line' id='line_1_23' title="bbox 68 2133 1129 2223; baseline 0 -25"><span class='ocrx_word' id='word_1_178' title='bbox 68 2134 163 2200; x_wconf 83' lang='lat' dir='ltr'><strong>ravit.</strong></span> <span class='ocrx_word' id='word_1_179' title='bbox 208 2133 337 2220; x_wconf 86' lang='lat' dir='ltr'><strong>Itaque,</strong></span> <span class='ocrx_word' id='word_1_180' title='bbox 365 2136 567 2220; x_wconf 88' lang='lat' dir='ltr'><strong>cumprime</strong></span> <span class='ocrx_word' id='word_1_181' title='bbox 591 2156 687 2223; x_wconf 82' lang='lat' dir='ltr'><strong>agere</strong></span> <span class='ocrx_word' id='word_1_182' title='bbox 710 2135 887 2219; x_wconf 85' lang='lat' dir='ltr'><strong>coepimus,</strong></span> <span class='ocrx_word' id='word_1_183' title='bbox 914 2136 966 2202; x_wconf 86' lang='lat' dir='ltr'><strong>lex</strong></span> <span class='ocrx_word' id='word_1_184' title='bbox 992 2157 1060 2202; x_wconf 92' lang='lat' dir='ltr'><strong>non</strong></span> <span class='ocrx_word' id='word_1_185' title='bbox 1078 2148 1129 2200; x_wconf 71' lang='lat'><strong>178</strong></span> 
     </span>
     <span class='ocr_line' id='line_1_24' title="bbox 69 2223 1076 2311; baseline 0.004 -24"><span class='ocrx_word' id='word_1_186' title='bbox 69 2227 141 2288; x_wconf 85' lang='lat' dir='ltr'><strong>erat</strong></span> <span class='ocrx_word' id='word_1_187' title='bbox 158 2223 380 2310; x_wconf 76' lang='lat' dir='ltr'><strong>promulgata3</strong></span> <span class='ocrx_word' id='word_1_188' title='bbox 403 2245 476 2290; x_wconf 89' lang='lat' dir='ltr'><strong>cum</strong></span> <span class='ocrx_word' id='word_1_189' title='bbox 494 2225 557 2289; x_wconf 87' lang='lat' dir='ltr'><strong>iste</strong></span> <span class='ocrx_word' id='word_1_190' title='bbox 579 2228 690 2290; x_wconf 86' lang='lat' dir='ltr'><strong>vestra</strong></span> <span class='ocrx_word' id='word_1_191' title='bbox 712 2223 885 2290; x_wconf 85' lang='lat' dir='ltr'><strong>severitate</strong></span> <span class='ocrx_word' id='word_1_192' title='bbox 908 2228 1076 2311; x_wconf 87' lang='lat' dir='ltr'><strong>permotus</strong></span> 
     </span>
     <span class='ocr_line' id='line_1_25' title="bbox 68 2311 1077 2398; baseline 0.004 -23"><span class='ocrx_word' id='word_1_193' title='bbox 68 2311 174 2376; x_wconf 88' lang='lat' dir='ltr'><strong>multa</strong></span> <span class='ocrx_word' id='word_1_194' title='bbox 202 2311 297 2398; x_wconf 80' lang='lat' dir='ltr'><strong>signa</strong></span> <span class='ocrx_word' id='word_1_195' title='bbox 323 2312 468 2396; x_wconf 85' lang='lat' dir='ltr'><strong>dederat,</strong></span> <span class='ocrx_word' id='word_1_196' title='bbox 496 2334 593 2396; x_wconf 89' lang='lat' dir='ltr'><strong>quam</strong></span> <span class='ocrx_word' id='word_1_197' title='bbox 617 2311 659 2376; x_wconf 92' lang='lat' dir='ltr'><strong>ob</strong></span> <span class='ocrx_word' id='word_1_198' title='bbox 682 2333 752 2377; x_wconf 88' lang='lat' dir='ltr'><strong>rem</strong></span> <span class='ocrx_word' id='word_1_199' title='bbox 773 2333 988 2397; x_wconf 85' lang='lat' dir='ltr'><strong>responsurus</strong></span> <span class='ocrx_word' id='word_1_200' title='bbox 1010 2335 1077 2379; x_wconf 92' lang='lat' dir='ltr'><strong>non</strong></span> 
     </span>
    </p>

    <p class='ocr_par' dir='ltr' id='par_1_8' title="bbox 32 2399 1076 2840">
     <span class='ocr_line' id='line_1_26' title="bbox 32 2399 1076 2487; baseline 0.002 -22"><span class='ocrx_word' id='word_1_201' title='bbox 32 2411 55 2452; x_wconf 76' lang='lat'><strong>2⁵</strong></span> <span class='ocrx_word' id='word_1_202' title='bbox 68 2399 245 2484; x_wconf 86' lang='lat' dir='ltr'><strong>videretur,</strong></span> <span class='ocrx_word' id='word_1_203' title='bbox 277 2400 398 2465; x_wconf 86' lang='lat' dir='ltr'><strong>mentio</strong></span> <span class='ocrx_word' id='word_1_204' title='bbox 429 2399 468 2465; x_wconf 91' lang='lat' dir='ltr'><strong>de</strong></span> <span class='ocrx_word' id='word_1_205' title='bbox 498 2401 570 2487; x_wconf 80' lang='lat' dir='ltr'><strong>lege</strong></span> <span class='ocrx_word' id='word_1_206' title='bbox 599 2399 692 2464; x_wconf 89' lang='lat' dir='ltr'><strong>nulla</strong></span> <span class='ocrx_word' id='word_1_207' title='bbox 720 2399 834 2485; x_wconf 70' lang='lat' dir='ltr'><strong>fiebat,</strong></span> <span class='ocrx_word' id='word_1_208' title='bbox 862 2405 1076 2486; x_wconf 87' lang='lat' dir='ltr'><strong>posteaquam</strong></span> 
     </span>
     <span class='ocr_line' id='line_1_27' title="bbox 68 2486 1076 2574; baseline 0.003 -22"><span class='ocrx_word' id='word_1_209' title='bbox 68 2488 132 2552; x_wconf 89' lang='lat' dir='ltr'><strong>iste</strong></span> <span class='ocrx_word' id='word_1_210' title='bbox 159 2488 298 2553; x_wconf 87' lang='lat' dir='ltr'><strong>recreari</strong></span> <span class='ocrx_word' id='word_1_211' title='bbox 325 2492 359 2552; x_wconf 91' lang='lat' dir='ltr'><strong>et</strong></span> <span class='ocrx_word' id='word_1_212' title='bbox 382 2488 567 2554; x_wconf 86' lang='lat' dir='ltr'><strong>confirmari</strong></span> <span class='ocrx_word' id='word_1_213' title='bbox 589 2486 677 2554; x_wconf 84' lang='lat' dir='ltr'><strong>uisus</strong></span> <span class='ocrx_word' id='word_1_214' title='bbox 701 2491 764 2571; x_wconf 86' lang='lat' dir='ltr'><strong>est,</strong></span> <span class='ocrx_word' id='word_1_215' title='bbox 792 2487 844 2552; x_wconf 87' lang='lat' dir='ltr'><strong>lex</strong></span> <span class='ocrx_word' id='word_1_216' title='bbox 868 2489 982 2553; x_wconf 89' lang='lat' dir='ltr'><strong>statim</strong></span> <span class='ocrx_word' id='word_1_217' title='bbox 1003 2509 1076 2574; x_wconf 90' lang='lat' dir='ltr'><strong>pro·</strong></span> 
     </span>
     <span class='ocr_line' id='line_1_28' title="bbox 68 2574 1076 2664; baseline 0.003 -24"><span class='ocrx_word' id='word_1_218' title='bbox 68 2576 218 2663; x_wconf 79' lang='lat' dir='ltr'><strong>mulgata</strong></span> <span class='ocrx_word' id='word_1_219' title='bbox 254 2579 312 2641; x_wconf 88' lang='lat' dir='ltr'><strong>est.</strong></span> <span class='ocrx_word' id='word_1_220' title='bbox 358 2574 419 2642; x_wconf 82' lang='lat' dir='ltr'><strong>Oui</strong></span> <span class='ocrx_word' id='word_1_221' title='bbox 455 2577 521 2664; x_wconf 82' lang='lat' dir='ltr'><strong>legi</strong></span> <span class='ocrx_word' id='word_1_222' title='bbox 557 2598 631 2642; x_wconf 92' lang='lat' dir='ltr'><strong>cum</strong></span> <span class='ocrx_word' id='word_1_223' title='bbox 655 2579 777 2641; x_wconf 78' lang='lat' dir='ltr'><strong>¹restra</strong></span> <span class='ocrx_word' id='word_1_224' title='bbox 808 2574 951 2661; x_wconf 75' lang='lat' dir='ltr'><strong>dignitas</strong></span> <span class='ocrx_word' id='word_1_225' title='bbox 983 2577 1076 2642; x_wconf 83' lang='lat' dir='ltr'><strong>vehe-</strong></span> 
     </span>
     <span class='ocr_line' id='line_1_29' title="bbox 68 2663 1076 2750; baseline 0.002 -22"><span class='ocrx_word' id='word_1_226' title='bbox 68 2668 195 2730; x_wconf 87' lang='lat' dir='ltr'><strong>menter</strong></span> <span class='ocrx_word' id='word_1_227' title='bbox 218 2664 420 2748; x_wconf 79' lang='lat' dir='ltr'><strong>adrersetur,</strong></span> <span class='ocrx_word' id='word_1_228' title='bbox 443 2665 539 2730; x_wconf 89' lang='lat' dir='ltr'><strong>istius</strong></span> <span class='ocrx_word' id='word_1_229' title='bbox 563 2686 636 2749; x_wconf 88' lang='lat' dir='ltr'><strong>spes</strong></span> <span class='ocrx_word' id='word_1_230' title='bbox 659 2663 745 2728; x_wconf 86' lang='lat' dir='ltr'><strong>falsa</strong></span> <span class='ocrx_word' id='word_1_231' title='bbox 767 2666 800 2728; x_wconf 87' lang='lat' dir='ltr'><strong>et</strong></span> <span class='ocrx_word' id='word_1_232' title='bbox 823 2663 961 2750; x_wconf 79' lang='lat' dir='ltr'><strong>insignis</strong></span> <span class='ocrx_word' id='word_1_233' title='bbox 984 2665 1076 2750; x_wconf 84' lang='lat' dir='ltr'><strong>inpu-</strong></span> 
     </span>
     <span class='ocr_line' id='line_1_30' title="bbox 68 2751 1076 2840; baseline 0 -22"><span class='ocrx_word' id='word_1_234' title='bbox 68 2752 180 2818; x_wconf 87' lang='lat' dir='ltr'><strong>dentia</strong></span> <span class='ocrx_word' id='word_1_235' title='bbox 194 2751 333 2820; x_wconf 86' lang='lat' dir='ltr'><strong>maxime</strong></span> <span class='ocrx_word' id='word_1_236' title='bbox 348 2753 554 2840; x_wconf 84' lang='lat' dir='ltr'><strong>suffragatur.</strong></span> <span class='ocrx_word' id='word_1_237' title='bbox 581 2753 645 2818; x_wconf 91' lang='lat' dir='ltr'><strong>Hic</strong></span> <span class='ocrx_word' id='word_1_238' title='bbox 659 2752 688 2816; x_wconf 88' lang='lat' dir='ltr'><strong>si</strong></span> <span class='ocrx_word' id='word_1_239' title='bbox 702 2751 779 2836; x_wconf 90' lang='lat' dir='ltr'><strong>quid</strong></span> <span class='ocrx_word' id='word_1_240' title='bbox 793 2751 856 2816; x_wconf 88' lang='lat' dir='ltr'><strong>erit</strong></span> <span class='ocrx_word' id='word_1_241' title='bbox 867 2752 1076 2818; x_wconf 86' lang='lat' dir='ltr'><strong>commissum</strong></span> 
     </span>
    </p>

    <p class='ocr_par' dir='ltr' id='par_1_9' title="bbox 32 2840 1128 3289">
     <span class='ocr_line' id='line_1_31' title="bbox 32 2840 1127 2930; baseline 0 -24"><span class='ocrx_word' id='word_1_242' title='bbox 32 2849 89 2906; x_wconf 81' lang='lat' dir='ltr'><strong>³⁰a</strong></span> <span class='ocrx_word' id='word_1_243' title='bbox 116 2861 278 2926; x_wconf 90' lang='lat' dir='ltr'><strong>quoquam</strong></span> <span class='ocrx_word' id='word_1_244' title='bbox 305 2845 463 2926; x_wconf 87' lang='lat' dir='ltr'><strong>vestrum,</strong></span> <span class='ocrx_word' id='word_1_245' title='bbox 492 2841 577 2926; x_wconf 89' lang='lat' dir='ltr'><strong>quod</strong></span> <span class='ocrx_word' id='word_1_246' title='bbox 603 2840 829 2926; x_wconf 81' lang='lat' dir='ltr'><strong>reprendatur,</strong></span> <span class='ocrx_word' id='word_1_247' title='bbox 856 2844 913 2906; x_wconf 88' lang='lat' dir='ltr'><strong>aut</strong></span> <span class='ocrx_word' id='word_1_248' title='bbox 935 2841 1075 2926; x_wconf 87' lang='lat' dir='ltr'><strong>populus</strong></span> <span class='ocrx_word' id='word_1_249' title='bbox 1126 2925 1127 2930; x_wconf 8' lang='grc' dir='ltr'>ἵ</span> 
     </span>
     <span class='ocr_line' id='line_1_32' title="bbox 67 2928 1076 3012; baseline 0 -18"><span class='ocrx_word' id='word_1_250' title='bbox 67 2929 235 2996; x_wconf 86' lang='lat' dir='ltr'><strong>Romanus</strong></span> <span class='ocrx_word' id='word_1_251' title='bbox 266 2928 423 2996; x_wconf 87' lang='lat' dir='ltr'><strong>iudicabit</strong></span> <span class='ocrx_word' id='word_1_252' title='bbox 456 2929 494 2994; x_wconf 90' lang='lat' dir='ltr'><strong>de</strong></span> <span class='ocrx_word' id='word_1_253' title='bbox 526 2950 564 2995; x_wconf 92' lang='lat' dir='ltr'><strong>eo</strong></span> <span class='ocrx_word' id='word_1_254' title='bbox 595 2928 739 3012; x_wconf 90' lang='lat' dir='ltr'><strong>homine,</strong></span> <span class='ocrx_word' id='word_1_255' title='bbox 775 2949 870 3012; x_wconf 90' lang='lat' dir='ltr'><strong>quem</strong></span> <span class='ocrx_word' id='word_1_256' title='bbox 901 2929 968 2994; x_wconf 89' lang='lat' dir='ltr'><strong>iam</strong></span> <span class='ocrx_word' id='word_1_257' title='bbox 1000 2933 1076 2994; x_wconf 87' lang='lat' dir='ltr'><strong>ante</strong></span> 
     </span>
     <span class='ocr_line' id='line_1_33' title="bbox 67 3017 1076 3106; baseline -0.001 -24"><span class='ocrx_word' id='word_1_258' title='bbox 67 3017 195 3082; x_wconf 86' lang='lat' dir='ltr'><strong>iudiciis</strong></span> <span class='ocrx_word' id='word_1_259' title='bbox 222 3018 392 3106; x_wconf 75' lang='lat' dir='ltr'><strong>indiguum</strong></span> <span class='ocrx_word' id='word_1_260' title='bbox 419 3017 557 3103; x_wconf 89' lang='lat' dir='ltr'><strong>putarit,</strong></span> <span class='ocrx_word' id='word_1_261' title='bbox 586 3021 642 3083; x_wconf 93' lang='lat' dir='ltr'><strong>aut</strong></span> <span class='ocrx_word' id='word_1_262' title='bbox 667 3017 709 3102; x_wconf 89' lang='lat' dir='ltr'><strong>ei,</strong></span> <span class='ocrx_word' id='word_1_263' title='bbox 738 3017 793 3100; x_wconf 89' lang='lat' dir='ltr'><strong>qui</strong></span> <span class='ocrx_word' id='word_1_264' title='bbox 820 3021 954 3102; x_wconf 89' lang='lat' dir='ltr'><strong>propter</strong></span> <span class='ocrx_word' id='word_1_265' title='bbox 977 3017 1076 3083; x_wconf 87' lang='lat' dir='ltr'><strong>offen·</strong></span> 
     </span>
     <span class='ocr_line' id='line_1_34' title="bbox 68 3104 1128 3227; baseline -0.001 -55"><span class='ocrx_word' id='word_1_266' title='bbox 68 3107 193 3172; x_wconf 89' lang='lat' dir='ltr'><strong>sionem</strong></span> <span class='ocrx_word' id='word_1_267' title='bbox 224 3107 415 3173; x_wconf 88' lang='lat' dir='ltr'><strong>iudiciorum</strong></span> <span class='ocrx_word' id='word_1_268' title='bbox 447 3105 486 3171; x_wconf 88' lang='lat' dir='ltr'><strong>de</strong></span> <span class='ocrx_word' id='word_1_269' title='bbox 513 3106 677 3172; x_wconf 78' lang='lat' dir='ltr'><strong>veteribus</strong></span> <span class='ocrx_word' id='word_1_270' title='bbox 703 3104 863 3170; x_wconf 83' lang='lat' dir='ltr'><strong>iudicibus</strong></span> <span class='ocrx_word' id='word_1_271' title='bbox 890 3107 964 3192; x_wconf 82' lang='lat' dir='ltr'><strong>lege</strong></span> <span class='ocrx_word' id='word_1_272' title='bbox 990 3126 1128 3227; x_wconf 73' lang='lat' dir='ltr'><strong>nova70</strong></span> 
     </span>
     <span class='ocr_line' id='line_1_35' title="bbox 66 3193 1127 3289; baseline 0 -31"><span class='ocrx_word' id='word_1_273' title='bbox 66 3194 145 3260; x_wconf 83' lang='lat' dir='ltr'><strong>novi</strong></span> <span class='ocrx_word' id='word_1_274' title='bbox 157 3194 279 3260; x_wconf 86' lang='lat' dir='ltr'><strong>iudices</strong></span> <span class='ocrx_word' id='word_1_275' title='bbox 298 3199 393 3260; x_wconf 87' lang='lat' dir='ltr'><strong>erunt</strong></span> <span class='ocrx_word' id='word_1_276' title='bbox 411 3195 590 3261; x_wconf 87' lang='lat' dir='ltr'><strong>constituti.</strong></span> <span class='ocrx_word' id='word_1_277' title='bbox 626 3193 709 3260; x_wconf 88' lang='lat' dir='ltr'><strong>Mihi</strong></span> <span class='ocrx_word' id='word_1_278' title='bbox 726 3213 833 3278; x_wconf 86' lang='lat' dir='ltr'><strong>porro,</strong></span> <span class='ocrx_word' id='word_1_279' title='bbox 856 3197 894 3258; x_wconf 89' lang='lat' dir='ltr'><strong>ut</strong></span> <span class='ocrx_word' id='word_1_280' title='bbox 912 3214 973 3280; x_wconf 80' lang='lat' dir='ltr'><strong>ego</strong></span> <span class='ocrx_word' id='word_1_281' title='bbox 991 3215 1058 3260; x_wconf 91' lang='lat' dir='ltr'><strong>non</strong></span> <span class='ocrx_word' id='word_1_282' title='bbox 1077 3239 1127 3289; x_wconf 69' lang='lat'><strong>¹79</strong></span> 
     </span>
    </p>

    <p class='ocr_par' dir='ltr' id='par_1_10' title="bbox 31 3280 1075 3546">
     <span class='ocr_line' id='line_1_36' title="bbox 31 3280 1075 3369; baseline 0.001 -22"><span class='ocrx_word' id='word_1_283' title='bbox 31 3288 53 3332; x_wconf 74' lang='lat'><strong>³⁵</strong></span> <span class='ocrx_word' id='word_1_284' title='bbox 68 3283 188 3369; x_wconf 89' lang='lat' dir='ltr'><strong>dicam,</strong></span> <span class='ocrx_word' id='word_1_285' title='bbox 216 3283 288 3367; x_wconf 89' lang='lat' dir='ltr'><strong>quis</strong></span> <span class='ocrx_word' id='word_1_286' title='bbox 316 3283 460 3350; x_wconf 88' lang='lat' dir='ltr'><strong>omnium</strong></span> <span class='ocrx_word' id='word_1_287' title='bbox 487 3283 677 3350; x_wconf 88' lang='lat' dir='ltr'><strong>mortalium</strong></span> <span class='ocrx_word' id='word_1_288' title='bbox 702 3301 768 3347; x_wconf 92' lang='lat' dir='ltr'><strong>non</strong></span> <span class='ocrx_word' id='word_1_289' title='bbox 789 3280 954 3368; x_wconf 78' lang='lat' dir='ltr'><strong>intellegit</strong></span> <span class='ocrx_word' id='word_1_290' title='bbox 977 3303 1075 3367; x_wconf 88' lang='lat' dir='ltr'><strong>quam</strong></span> 
     </span>
     <span class='ocr_line' id='line_1_37' title="bbox 66 3368 1075 3458; baseline 0.001 -23"><span class='ocrx_word' id='word_1_291' title='bbox 66 3372 164 3458; x_wconf 80' lang='lat' dir='ltr'><strong>longe</strong></span> <span class='ocrx_word' id='word_1_292' title='bbox 191 3371 345 3457; x_wconf 76' lang='lat' dir='ltr'><strong>progredi</strong></span> <span class='ocrx_word' id='word_1_293' title='bbox 368 3373 412 3438; x_wconf 87' lang='lat' dir='ltr'><strong>sit</strong></span> <span class='ocrx_word' id='word_1_294' title='bbox 433 3373 585 3438; x_wconf 85' lang='lat' dir='ltr'><strong>necesse?</strong></span> <span class='ocrx_word' id='word_1_295' title='bbox 630 3371 749 3436; x_wconf 88' lang='lat' dir='ltr'><strong>Potero</strong></span> <span class='ocrx_word' id='word_1_296' title='bbox 774 3368 883 3454; x_wconf 86' lang='lat' dir='ltr'><strong>silere,</strong></span> <span class='ocrx_word' id='word_1_297' title='bbox 910 3369 1075 3455; x_wconf 84' lang='lat' dir='ltr'><strong>Hortensi,</strong></span> 
     </span>
     <span class='ocr_line' id='line_1_38' title="bbox 65 3458 1074 3546; baseline -0.003 -21"><span class='ocrx_word' id='word_1_298' title='bbox 65 3463 183 3546; x_wconf 87' lang='lat' dir='ltr'><strong>potero</strong></span> <span class='ocrx_word' id='word_1_299' title='bbox 214 3458 432 3545; x_wconf 87' lang='lat' dir='ltr'><strong>dissimulare,</strong></span> <span class='ocrx_word' id='word_1_300' title='bbox 463 3479 537 3526; x_wconf 87' lang='lat' dir='ltr'><strong>eum</strong></span> <span class='ocrx_word' id='word_1_301' title='bbox 563 3463 693 3527; x_wconf 86' lang='lat' dir='ltr'><strong>tanturn</strong></span> <span class='ocrx_word' id='word_1_302' title='bbox 719 3479 772 3525; x_wconf 88' lang='lat' dir='ltr'><strong>res</strong></span> <span class='ocrx_word' id='word_1_303' title='bbox 799 3459 931 3543; x_wconf 89' lang='lat' dir='ltr'><strong>publica</strong></span> <span class='ocrx_word' id='word_1_304' title='bbox 957 3459 1074 3526; x_wconf 87' lang='lat' dir='ltr'><strong>volnus</strong></span> 
     </span>
    </p>
   </div>
   <div class='ocr_carea' id='block_1_5' title="bbox 1228 3375 1230 3448">
    <p class='ocr_par' dir='ltr' id='par_1_11' title="bbox 1228 3375 1230 3448">
     <span class='ocr_line' id='line_1_39' title="bbox 1228 3375 1230 3448; baseline 0 0"><span class='ocrx_word' id='word_1_305' title='bbox 1228 3375 1230 3448; x_wconf 78' lang='lat' dir='ltr'><strong>l</strong></span> 
     </span>
    </p>
   </div>
   <div class='ocr_carea' id='block_1_6' title="bbox 0 0 1240 3936">
    <p class='ocr_par' dir='ltr' id='par_1_12' title="bbox 0 0 1240 3936">
     <span class='ocr_line' id='line_1_40' title="bbox 0 0 1240 3936; baseline 0 0"><span class='ocrx_word' id='word_1_306' title='bbox 0 0 1240 3936; x_wconf 95' lang='lat' dir='ltr'><strong> </strong></span> 
     </span>
    </p>
   </div>
  </div>
 </body>
</html>
