2402 3936
147 167 214 231 270
439 163 480 218 IN
498 165 527 220 Ο.
546 163 701 220 VERREM
719 164 799 220 Act.
818 163 851 217 11.

147 309 282 376 alterius
309 309 511 394 impudentia
535 308 586 374 sui
608 308 743 394 pudoris
767 307 1044 372 existimationem
1067 308 1156 372 amit-

146 401 262 465 terent
311 397 421 464 Liberi
452 397 537 463 enim
557 397 611 462 ad
643 417 759 462 causas
793 395 958 479 solutique
985 396 1159 462 veniebant

146 508 250 572 neque
272 486 528 570 committebam,
550 489 597 569 ut,
621 485 648 550 si
671 483 876 569 impudentes
899 485 935 549 in
958 484 1158 550 defendendo

148 597 219 641 esse
245 575 440 660 noluissent,
468 573 592 661 ingrati
618 573 653 638 in
682 573 857 638 deserendo
884 572 1160 638 existimarentur.

410 1067 458 1143 M.
483 1067 626 1142 TULLI
653 1063 902 1142 CICEROMS

176 1229 413 1320 ACTIONIS
444 1231 501 1317 IN
534 1231 577 1317 Ο.
605 1230 826 1318 VERREM
858 1227 1143 1316 SEOUNDAE

306 1397 439 1465 arnna
461 1397 648 1464 ruamus
671 1397 731 1464 nn
753 1395 1009 1466 bannense.

601 1559 708 1569 -——-

454 1677 859 1747 ARGUMENTUM.

222 1801 276 1857 Hie
297 1798 370 1858 liber
381 1799 477 1856 Verris
498 1800 576 1855 furta
596 1800 627 1854 in
650 1798 727 1854 omni
748 1797 883 1854 frumenti
904 1815 1010 1868 genere
1030 1800 1161 1856 eontinet

150 1871 296 1928 Frumenti
316 1874 422 1940 autem,
448 1871 523 1940 quod
544 1873 658 1942 praetor
681 1868 782 1926 Siculis
806 1869 842 1924 ab
865 1869 1028 1924 aratoribus
1052 1871 1163 1940 exigere

150 1945 264 2012 poterat
277 1944 306 1997 et
324 1942 452 2009 debebat,
472 1943 533 1995 erat
549 1941 672 2010 primum
690 1940 921 2008 decumanum,
942 1941 1019 2009 quod
1038 1943 1164 1996 aratores

149 2026 202 2082 pro
225 2013 300 2082 egris
323 2012 380 2066 suis
403 2012 503 2079 cuique
520 2011 663 2066 attributis
682 2011 802 2079 dabant,
825 2010 946 2064 alterum
963 2011 1030 2082 lege
1048 2011 1165 2082 Rupilia

151 2085 227 2136 oerto
249 2081 340 2150 pretio
361 2083 516 2149 emptum.
553 2080 586 2134 Id
609 2084 671 2136 arat
693 2081 740 2137 vel
756 2082 979 2136 decumanum
1003 2081 1165 2150 alterurn,

151 2152 197 2206 oui
217 2151 340 2220 pretium
358 2152 419 2204 erat
437 2167 455 2203 a
473 2153 571 2204 senatu
589 2151 688 2220 populi
705 2152 786 2206 Rom.
801 2151 988 2206 constitutum
1005 2153 1037 2206 in
1053 2152 1165 2208 modios

151 2221 277 2290 singulos
295 2219 343 2274 Hs
366 2219 451 2287 terni,
475 2219 521 2275 vel
541 2219 758 2292 imperatum,
781 2223 826 2278 cui
844 2221 890 2278 HS
910 2223 1043 2290 quaterni
1060 2223 1163 2278 eonsti-

150 2291 206 2346 tuti
229 2292 316 2346 erant.
353 2289 583 2346 constituebatur
606 2293 737 2347 autema
761 2294 860 2347 senatu
877 2291 908 2346 in
926 2309 1017 2348 annos
1037 2293 1163 2364 singulos

152 2362 244 2432 elego
257 2361 390 2416 Terentia
407 2363 437 2417 et
451 2359 548 2417 Cassia
564 2362 757 2431 frumentaria,
776 2365 881 2431 quanta
897 2363 1036 2432 pecuniae
1055 2379 1164 2418 summa

150 2432 181 2487 in
203 2435 352 2502 utrumque
371 2432 477 2503 empti
494 2450 583 2503 genus
602 2450 637 2487 ex
654 2433 763 2488 aerario
781 2434 999 2503 impenderem.
1037 2433 1164 2488 Tertium

152 2507 215 2559 erat
236 2503 454 2559 aestimatum
475 2503 510 2558 in
532 2503 667 2572 oollam,
691 2503 766 2572 quod
789 2520 824 2558 ex
846 2507 959 2559 senatus
983 2504 1117 2560 consulto
1138 2505 1165 2558 et

151 2575 262 2646 legibus
284 2574 408 2644 praetori
429 2574 461 2628 in
483 2574 584 2629 cellam
608 2574 645 2628 ad
663 2591 729 2629 usus
749 2591 813 2628 suos
831 2574 1032 2644 imperabatur.
1069 2573 1165 2629 Dabat

153 2649 266 2702 senatus
285 2645 427 2714 quaestori
444 2643 583 2713 praetoris
603 2647 709 2698 certam
727 2661 762 2699 ex
781 2645 888 2698 aerario
905 2645 1070 2716 pecuniam,
1090 2646 1164 2700 unde

152 2716 189 2771 ab
204 2715 361 2772 aratoribus
376 2717 489 2784 emeret,
508 2718 537 2770 et
550 2715 663 2783 quidem
675 2715 801 2769 modium
818 2715 907 2770 tritici
918 2715 965 2770 HS
984 2715 1047 2785 1111,
1064 2714 1166 2770 bordei

153 2791 249 2843 autem
274 2787 321 2842 HS
344 2786 378 2841 H.
424 2786 507 2841 Illam
537 2785 687 2855 pecuniam
718 2785 877 2842 aratoribus
903 2786 1112 2842 adnumerabat
1139 2789 1167 2840 et

153 2859 254 2914 deinde
283 2859 455 2913 firmentum
481 2856 647 2924 vehebatur,
677 2871 732 2924 quo
760 2856 882 2911 volebat.
923 2856 1043 2913 Licebat
1069 2859 1165 2912 autem

151 2929 278 2998 praetori
289 2931 400 2984 tantam
412 2927 570 2996 pecuniam,
584 2928 719 2994 quantam
733 2943 853 2995 aequum
866 2929 934 2995 erat,
954 2928 990 2982 ab
1005 2927 1166 2983 aratoribus

152 3016 204 3066 pro
226 3001 367 3055 frumento
390 3000 419 3052 et
440 2999 556 3052 vectura
599 2995 691 3051 aoisei.
727 2995 788 3050 Iam
810 2997 932 3066 primum
955 3013 973 3050 a
991 3015 1014 3052 a
1034 3005 1051 3054 6
1074 2999 1113 3052 ad
1133 3003 1167 3052 70

153 3067 265 3124 fraudes
284 3074 313 3125 et
329 3071 406 3124 furta
418 3067 514 3123 Verris
532 3068 562 3122 in
577 3015 748 3136 ieoumano,
768 3083 787 3122 a
804 3083 827 3124 e.
848 3074 883 3124 ⁷0
902 3068 938 3121 ad
956 3073 990 3124 81
1010 3068 1041 3122 in
1060 3071 1166 3139 empto,

153 3137 254 3194 deinde
271 3140 302 3193 in
320 3139 470 3195 aestimato
490 3137 620 3193 ostendit.

120 3261 137 3382 t

220 3298 352 3382 Omnes,
379 3299 436 3384 qui
455 3301 612 3382 alterum,
634 3298 768 3382 iudices,
790 3299 890 3364 nullis
913 3299 1037 3385 inpulsi
1060 3300 1165 3366 inimi-

154 3381 252 3464 citiis,
274 3386 366 3449 nulla
387 3386 542 3468 priuatim
563 3386 646 3452 laesi
667 3386 800 3471 iniuria,
822 3387 914 3452 nullo
937 3389 1085 3473 praemio
1109 3387 1165 3452 ed-

153 3467 242 3530 duoti
258 3467 294 3530 in
310 3469 464 3536 iudicium
482 3474 530 3537 rei
549 3474 699 3557 publiaee
723 3496 821 3540 eausa
842 3479 971 3559 vooant,
993 3476 1165 3560 providere
