2402 3936
156 169 223 234 312
450 167 492 222 IN
510 167 540 224 C.
559 167 714 224 VERREM
730 168 811 224 ACT.
828 169 864 225 Π.
986 255 992 260 ¹

156 313 252 398 dices,
270 313 356 399 quod
369 313 497 380 utinam
515 311 615 378 dicasl
639 312 681 378 ad
694 312 877 399 Apronium
893 333 959 380 non
975 314 1142 400 pervenisse

155 405 294 468 tautum
334 399 389 468 Ite
410 405 444 466 te
465 421 533 467 uon
554 399 651 466 modo
673 401 813 485 publicis
836 403 962 487 tenebo,
983 402 1040 468 sed
1061 402 1145 468 etiem

156 490 294 576 privatis
314 493 481 556 aratorum
498 488 705 575 pactionibus
724 509 762 556 ec
781 490 912 575 litteris,
933 494 972 557 ut
986 491 1146 576 intellegas

155 601 222 645 non
248 583 283 644 te
310 578 551 664 diligentiorem
576 577 612 642 in
637 577 796 643 faciundis
823 578 924 644 fuisse
945 578 1043 645 furtis
1065 599 1148 663 quam

157 689 209 733 me
236 666 272 732 in
293 665 579 751 deprehendendis.
620 664 692 731 Hoc
713 669 752 730 tu
773 666 881 731 teres?
906 667 969 733 lroc
990 667 1149 752 quisquam

158 754 327 821 defendet?
359 755 421 820 hoc
446 752 495 838 hi,
522 755 552 820 ei
579 753 676 819 aliter
702 753 743 818 de
767 758 803 819 te
826 758 969 821 statuere
991 755 1151 836 voluerint,

158 842 386 909 sustinebunt?
425 839 501 908 Uno
519 842 660 907 adventu
681 863 720 907 ex
741 859 808 908 uno
831 863 911 930 agro
930 843 968 920 Q.
981 842 1152 929 Apronium

156 933 287 1016 praeter
319 953 406 1015 eam,
437 951 535 1016 quem
562 929 642 1014 dixi,
673 929 844 1014 pecuniam
870 936 1076 998 numeratam
1100 945 1152 995 ccc
1188 932 1189 963 ¹

104 1031 157 1084 108
175 1019 269 1084 milia
285 1019 370 1086 mod.
383 1018 486 1085 tritici
503 1018 586 1084 lucri
601 1019 734 1084 nomine
749 1019 944 1085 sustulisse?
975 1019 1082 1096 Quid?
1102 1017 1153 1083 boc
1188 1018 1189 1097 l

158 1107 339 1174 Aetnenses
362 1107 425 1174 soli
447 1107 579 1173 dieunt?
618 1105 724 1172 Immo
746 1107 848 1174 etiam
869 1106 1087 1196 Centuripini,
1108 1105 1153 1190 qui
1163 1102 1189 1180 ¹⁰l

158 1197 231 1283 agri
262 1195 436 1263 Aetnensis
472 1193 576 1260 multo
611 1195 787 1262 maximam
822 1199 951 1282 purtem
984 1196 1153 1282 possident,
1188 1237 1189 1242 κ

158 1306 297 1370 quorum
324 1284 457 1372 legatis,
484 1283 673 1350 hominibus
699 1283 928 1368 nobilissimis,
957 1283 1104 1350 Androni
1128 1286 1154 1346 et

157 1373 338 1457 Artemoni,
361 1375 493 1438 senatus
510 1391 550 1438 ea
568 1371 724 1438 mandata
746 1371 844 1456 dedit,
866 1391 950 1458 quae
971 1367 1153 1458 publicead

158 1460 325 1526 civitatem
352 1460 498 1546 ipsorum
525 1459 746 1546 pertinebant3
776 1460 817 1525 de
842 1461 884 1526 iis
911 1461 1054 1545 iniuriis,
1085 1479 1152 1543 quas

157 1547 244 1614 cives
259 1546 471 1632 *Centuripini
494 1569 561 1615 non
582 1549 618 1614 in
639 1549 721 1631 suis,
748 1547 804 1613 sed
826 1549 862 1613 in
883 1549 1023 1615 aliorum
1045 1548 1190 1636 finibust

158 1639 362 1720 acceperant,
393 1639 525 1702 senatus
557 1639 592 1702 st
615 1638 756 1722 populus
777 1634 1010 1722 Centuripinus
1036 1638 1152 1722 legator
1189 1641 1190 1702 l

156 1725 264 1790 noluit
281 1724 425 1809 mittere3
447 1725 513 1811 ipsi
531 1729 678 1790 aratores
696 1723 911 1809 Centuripini,
933 1726 990 1809 qui
1011 1741 1151 1791 numerus
1189 1725 1190 1728 ’

158 1817 209 1878 est
234 1811 270 1878 in
291 1810 403 1878 Sicilia
429 1812 588 1879 maximus
611 1812 780 1879 hominum
803 1812 1107 1880 honestissimorum
1125 1813 1152 1874 et

157 1900 496 1988 locupletissimorum,
513 1905 581 1966 tres
599 1899 738 1987 legatos,
756 1901 841 1968 cives
860 1921 946 1986 suos,
966 1897 1152 1989 delegerunt,

156 1993 195 2054 ut
213 2011 324 2058 eorum
341 1989 530 2056 testimonio
548 2010 616 2054 non
636 1989 731 2054 unius
754 1989 836 2076 agri,
858 1989 915 2054 sed
936 2009 1038 2076 prope
1060 1990 1179 2055 toruo

157 2075 286 2142 Siciliae
315 2077 519 2142 calamitates
547 2078 800 2161 cognosceretis,
844 2076 953 2142 Arent
979 2079 1066 2144 enim
1091 2080 1152 2142 tota

157 2161 268 2228 Sicilia
284 2163 354 2228 lere
371 2161 585 2247 Centuripini,
607 2168 641 2228 et
662 2165 726 2232 hoc
747 2166 783 2230 in
804 2169 839 2231 te
860 2166 1016 2232 certiores
1038 2165 1152 2253 gravio

155 2271 272 2334 resque
293 2254 396 2316 testes
419 2253 509 2334 sunt,
535 2250 623 2336 quod
645 2256 771 2319 ceterae
793 2253 943 2320 mutatos
967 2251 1034 2320 suis
1057 2255 1151 2320 solun

155 2339 369 2404 incommodis
396 2343 654 2426 commoventur,
681 2339 897 2426 Centuripini,
925 2343 1012 2426 quod
1038 2343 1074 2408 in
1094 2361 1151 2407 ou-

155 2426 247 2492 nium
259 2426 328 2492 fers
341 2428 461 2494 finibus
474 2429 696 2514 possessiones
714 2429 847 2514 hebent,
864 2431 964 2496 etiam
982 2435 1178 2497 eruamus

102 2515 326 2631 46civitatum
350 2517 468 2582 damna
490 2537 528 2583 ac
549 2517 746 2583 detrimenta
768 2523 947 2583 senserunt

104 2643 155 2693 109
222 2603 357 2690 Verum,
389 2605 438 2670 uti
470 2605 548 2689 dixi,
578 2607 664 2671 ratio
695 2609 785 2672 certa
811 2611 862 2672 est
888 2606 1099 2673 Aetnensium
1125 2608 1150 2670 et

156 2693 295 2779 publicis
309 2696 343 2758 et
354 2693 493 2778 privatis
507 2691 627 2759 litteris
641 2693 846 2780 consignate3
864 2717 955 2760 meae
974 2695 1150 2783 diligentiae

97 2811 101 2820 ·
155 2801 292 2866 pensum
305 2781 412 2866 magis
425 2781 460 2845 in
472 2777 631 2847 Leontino
650 2801 731 2869 agro
749 2785 800 2846 est
817 2783 1010 2868 exigendum
1028 2787 1151 2870 propter

155 2868 240 2936 hune
270 2891 416 2954 causam,
449 2868 535 2953 quod
565 2869 629 2953 ipsi
655 2869 806 2936 Leontini
836 2871 965 2956 publice
991 2893 1059 2938 non
1084 2879 1177 2936 sarriet⁰

156 2957 295 3024 multum
313 2977 366 3023 me
384 2956 589 3040 adiuverunt3
611 2979 714 3043 neque
737 2959 823 3024 enim
845 2981 902 3025 eos
923 2959 989 3025 isto
1011 2965 1150 3044 praetore

155 3043 236 3110 haec
268 3046 517 3113 decumanorum
542 3045 679 3112 iniuriae
706 3047 883 3132 laeserunt,
914 3047 1026 3134 potius
1054 3049 1150 3130 etiam

154 3130 291 3215 iudices,
322 3134 522 3200 adiuverunt
571 3133 691 3200 Mirum
721 3135 861 3201 fortasse
889 3135 953 3202 hoo
981 3136 1075 3202 vobis
1102 3137 1149 3201 aut

154 3217 344 3285 incredibile
374 3221 536 3307 videatur,
566 3222 730 3288 intentis
757 3227 923 3290 erutorum
949 3223 1148 3292 incommodis

153 3303 346 3392 Leontinos,
369 3310 425 3392 qui
442 3307 605 3396 principes
627 3311 675 3376 rei
697 3311 930 3378 frumentariae
951 3312 1085 3398 fuerint,
1105 3319 1175 3377 ex·t

153 3390 258 3472 pertis
288 3393 566 3462 incommodorum
593 3401 692 3483 atque
719 3397 910 3465 iniuriarum
936 3399 1045 3467 fuisse.
1087 3400 1148 3465 Hoc

154 3495 270 3539 causae
302 3480 367 3560 est,
397 3480 532 3568 iudices,
564 3486 650 3568 quod
676 3486 712 3550 in
738 3505 818 3571 agro
845 3487 1004 3554 Leontino
1030 3491 1147 3574 prester
