2470 3936
338 157 447 218 Lunv
479 159 555 214 our.
574 164 644 216 2-4
662 165 677 226 s
695 165 790 216 r-ro.
1004 161 1068 226 431

59 302 177 388 ingens
209 301 251 367 ad
283 323 356 370 eum
384 302 505 368 allatus
532 306 632 386 esset,
664 303 860 369 admiratum
887 305 1071 393 requisisse,

60 391 134 475 quis
163 412 237 455 enm
262 389 487 475 percussisset3
515 412 589 456 cum
611 391 755 458 audisset
777 396 943 476 pastorem
967 394 1072 460 cuius-

61 479 138 547 dam
165 477 280 562 fuisse,
307 499 380 548 eum
406 479 516 544 vocari
544 478 586 547 ad
609 501 643 544 se
666 478 812 564 iussisse,
839 481 933 548 illum
956 482 1070 566 cupide

61 567 103 632 nd
136 570 322 651 praetorem
354 567 447 651 quasi
474 568 514 633 ad
542 567 670 634 laudem
698 571 795 653 atque
822 569 864 636 ad
889 569 1071 655 praemium

37 655 295 739 ⁵aooucurriss03
314 655 479 740 quaesisse
497 654 687 741 Domitium,
711 656 767 742 qui
784 660 912 723 tantam
931 657 1071 727 bestiam

60 743 291 828 percussmset3
304 743 399 810 illum
413 743 627 830 respondisse,
639 744 815 829 venabu103
829 745 942 812 statim
957 746 1071 812 deinde

61 834 153 899 iussu
173 831 333 917 praetoris
351 831 386 898 in
404 853 532 899 crucem
556 853 625 899 esse
649 834 824 900 sublatum.
859 834 985 901 Durum
1007 834 1072 902 hoc

63 921 204 987 fortasse
221 920 384 1004 ridentum
406 941 509 1004 neque
527 940 589 1007 ego
607 921 710 988 ullam
728 921 763 988 in
780 926 909 1008 partem
930 923 1070 1010 disputo,

62 1013 194 1076 tantum
229 1007 400 1094 intellego,
436 1009 591 1075 maluisse
622 1009 804 1076 Domitium
840 1011 1003 1076 crudelem
1036 1012 1071 1078 iu

30 1117 51 1156 1⁰
63 1096 349 1174 animadvertendo
378 1118 475 1182 quam
501 1097 537 1164 in
562 1097 851 1183 praetermittendo
877 1098 1071 1166 dissolutum

62 1186 176 1253 videri.
220 1184 309 1272 Ergo
332 1184 384 1250 his
406 1184 567 1251 institutis
589 1186 774 1271 provinciae
795 1186 863 1252 iam
884 1190 970 1272 tum,
997 1209 1071 1254 cnm

62 1275 153 1342 bello
181 1274 342 1340 sociorum
368 1276 441 1339 tota
467 1271 566 1339 Italia
593 1275 733 1359 arderet,
762 1274 863 1341 homo
889 1297 955 1341 non
983 1298 1069 1342 acer·

63 1364 168 1430 rimus
195 1384 254 1431 nec
279 1361 492 1446 fortissimus,
520 1360 555 1428 Ο.
573 1360 762 1447 NorbanuS,
787 1362 823 1430 in
850 1385 976 1430 summo
1003 1365 1071 1432 otio

64 1452 141 1535 fuit,
169 1451 323 1536 perfacile
350 1452 436 1515 anim
463 1469 533 1518 sesa
556 1447 668 1517 Sicilia
688 1451 755 1516 iam
777 1451 943 1535 tuebatur,
971 1456 1009 1518 ut
1030 1475 1071 1518 ne

33 1557 53 1598 u
66 1539 154 1626 quod
186 1561 225 1603 ex
254 1540 328 1624 ipsa
358 1539 482 1604 bellum
508 1544 621 1623 posset
648 1539 794 1606 existere.
837 1539 971 1608 Etenim
998 1563 1072 1608 cum

65 1629 148 1694 nihil
181 1631 250 1693 tam
281 1625 487 1694 coniunctum
520 1627 564 1691 sit
592 1648 690 1711 quam
716 1627 938 1714 negotiatores
965 1633 1043 1696 nost

66 1739 139 1784 cum
164 1714 280 1781 Siculis
302 1737 376 1798 usu,
402 1737 451 1799 re,
478 1715 617 1797 ratione,
644 1715 827 1800 concordia,
856 1720 889 1782 et
912 1738 985 1782 cum
1007 1718 1073 1802 ipsi

66 1804 168 1871 Siculi
191 1825 243 1869 res
267 1825 342 1870 suas
364 1803 414 1868 ita
435 1802 630 1870 constitutas
652 1803 809 1886 habeant,
835 1806 873 1869 ut
894 1803 936 1868 iis
958 1825 1072 1888 pacem

66 1891 217 1979 expediat
248 1913 331 1976 esse,
364 1891 537 1977 imperium
568 1895 678 1958 autem
708 1890 822 1976 populi
852 1889 993 1957 Romani
1025 1893 1073 1958 sic

33 1999 55 2040 u
67 1983 216 2068 diligant,
238 1984 275 2046 nt
292 1980 326 2045 id
344 1972 492 2045 imminui
511 1982 568 2046 aut
588 1979 783 2081 commutari
805 1978 937 2046 minime
959 1979 1072 2064 velint,

67 2067 1073 2241 ltililttrmlttlttlhtlittt‘lllltlll

68 2251 117 2313 est
134 2246 259 2348 malum
282 2244 504 2328 domesticum,
527 2244 614 2328 quod
637 2265 675 2310 cx
698 2244 771 2330 ipsa
793 2245 960 2332 provincia
982 2245 1074 2312 nasci

33 2339 218 2500 npossliiiid
249 2421 372 2508 igitur?
408 2419 533 2486 nulline
565 2423 674 2485 motus
704 2419 739 2482 in
766 2417 877 2484 Sicilia
907 2439 1108 2489 servoruma

66 2510 171 2577 Verre
192 2513 356 2596 praetore,
380 2509 531 2581 nullaene
554 2506 780 2573 consensiones
803 2505 910 2572 factae
934 2527 1004 2572 esse
1028 2506 1074 2572 di-

69 2599 207 2666 cuntur?
251 2597 345 2664 Nihil
374 2617 464 2681 saue,
497 2596 581 2680 quud
610 2594 652 2661 ad
680 2596 828 2660 senatum
854 2594 1074 2679 populumque

67 2689 251 2754 Romanum
269 2685 463 2772 pervenerit,
484 2684 577 2767 nihil,
600 2682 686 2768 quod
703 2682 766 2747 isto
787 2681 917 2768 publice
935 2681 1074 2749 Romam

68 2775 248 2862 scripserit3
277 2778 311 2841 et
338 2777 449 2840 tamen
476 2776 627 2858 coeptum
655 2792 724 2838 esse
751 2770 786 2837 in
813 2768 924 2837 Sicilia
951 2770 1075 2837 moveri

34 2865 196 2950 saliquot
226 2863 307 2930 locis
340 2861 509 2928 servitium
537 2860 690 2947 suspicor.
739 2857 778 2922 ld
806 2858 885 2924 adeo
912 2861 1074 2924 nontam

68 2977 107 3020 ex
125 2975 163 3018 re
182 2974 279 3037 quam
298 2973 337 3016 ex
359 2950 455 3016 istius
476 2949 573 3014 factis
597 2948 797 3031 decretisque
820 2967 989 3032 cognosco.
1025 2946 1075 3015 Ac

67 3042 190 3126 videte,
222 3061 320 3125 quam
350 3060 417 3104 non
447 3035 578 3104 inimico
609 3036 717 3102 animo
746 3035 809 3100 sim
836 3038 980 3117 acturus3
1013 3055 1074 3120 ego

67 3131 138 3216 ipse
168 3130 262 3214 haec,
293 3149 376 3212 quae
402 3126 459 3192 ille
487 3125 627 3210 quaerit,
659 3145 741 3209 qnae
769 3122 873 3190 adhuc
896 3143 1075 3207 numquam

68 3218 221 3302 audistis,
245 3215 505 3290 commemorabo
528 3217 562 3280 et
583 3212 756 3298 proferam.

33 3321 55 3366 ⁸⁶
121 3307 175 3382 ⁴In
188 3305 382 3389 Triocalino,
395 3325 496 3389 quem
512 3303 620 3369 locum
637 3299 770 3387 fugitivi
786 3299 853 3366 iam
872 3302 948 3366 ante
967 3302 1075 3366 tenue·
1094 3309 1126 3358 10

66 3399 155 3480 runt,
176 3394 338 3462 Leonidae
357 3391 523 3458 cuiusdam
542 3389 643 3457 Siculi
661 3387 786 3455 familia
805 3387 840 3453 iu
859 3387 1075 3474 suspicionem

67 3489 117 3551 est
130 3487 248 3552 vocata
262 3480 503 3549 coniurationis.
535 3479 600 3545 Res
617 3477 726 3544 delata
745 3476 786 3544 ad
797 3475 911 3552 istum.
946 3475 1074 3554 Statim,
