2402 3936
168 167 233 232 256
468 167 508 222 ru
526 166 555 222 c.
568 165 723 221 vaenum
742 165 818 220 nor.
838 167 872 220 11.

167 311 356 396 abstuliss03
388 311 463 376 hnic
495 310 594 375 etiarn
620 309 745 376 Romae
776 310 923 375 videmus
949 310 985 375 in
1012 309 1085 375 basi
1110 313 1164 373 sta-

167 403 298 466 tuarum
316 399 466 465 maximis
489 397 608 463 litteris
631 397 782 465 incisum:
806 398 837 462 A
851 415 1014 465 connum
1027 395 1164 464 &omna

117 499 167 549 1⁶5
185 505 308 554 naues.
337 488 442 565 Quam
456 487 498 553 ob
512 508 581 551 rem
595 486 651 572 qui
664 486 726 552 hoc
744 487 884 571 probare
902 491 996 572 potes
1016 486 1164 570 cuiquam,

115 573 160 636 64
186 580 297 642 tantos
311 576 451 641 honores
464 575 595 640 habitos
611 595 682 639 esse
697 575 738 639 ab
752 574 887 639 invitis?
913 574 977 640 Hic
995 574 1060 639 tibi
1079 574 1166 638 etiarn

168 666 273 730 multo
292 664 397 749 magis
417 686 514 748 quam
533 664 631 747 paulo
651 666 727 728 ante
744 662 780 726 in
798 663 984 728 aratoribus
1003 661 1182 728 videndum

169 757 202 818 et
238 751 506 818 considerandum
542 755 592 816 est
624 750 702 835 quid
733 751 823 815 velis.
878 750 1001 837 Magna
1035 772 1088 816 res
1118 754 1167 831 est,

167 845 278 904 utrum
296 839 359 904 tibi
377 837 503 905 Siculos
525 839 655 923 publice
673 839 891 924 privatimque
910 839 1035 905 amicos
1057 861 1099 904 an
1119 838 1167 900 ini·

168 927 269 992 mices
293 927 472 992 existimari
494 927 585 992 velis.
626 925 661 991 Si
683 927 846 1011 inimicos,
874 927 952 1011 quid
974 931 1009 992 te
1031 927 1167 992 futurum

169 1017 241 1080 est?
265 1038 328 1101 quo
347 1015 536 1102 confugies?
559 1015 616 1080 ubi
637 1014 765 1080 nitere?
802 1014 898 1080 Modo
923 1019 1101 1098 aratorum,
1122 1014 1167 1077 ho·

167 1105 428 1170 nestissimorum
445 1103 612 1168 hominum
632 1124 669 1168 ac
688 1103 1020 1186 locupletissimorum
1042 1107 1077 1168 et
1094 1101 1166 1166 Sicu·

167 1193 275 1258 lorum
294 1195 327 1258 et
345 1193 462 1259 civium
480 1191 712 1274 Romanorum,
730 1191 907 1256 maximum
925 1213 1097 1257 numerum
1118 1190 1166 1254 abs

167 1284 201 1344 te
225 1281 431 1364 abalienasti3
454 1301 539 1344 nunc
561 1279 600 1343 de
624 1276 741 1344 Siculis
764 1278 952 1344 civitatibus
976 1280 1056 1364 quid
1078 1278 1166 1364 ages?

167 1367 263 1433 Dices
283 1369 345 1433 tibi
359 1366 484 1434 Siculos
504 1389 574 1432 esse
593 1367 737 1433 amicos?
760 1367 816 1451 qui
833 1368 981 1452 poteris?
1005 1368 1071 1453 qui,
1094 1365 1166 1452 quod

166 1456 258 1521 nullo
272 1456 307 1519 in
320 1456 451 1521 homine
466 1458 562 1520 antea
574 1455 728 1539 fecerant,
745 1459 782 1520 ut
799 1455 834 1518 in
853 1477 926 1520 eum
945 1456 1076 1540 publice
1089 1454 1166 1520 testi·

168 1543 312 1607 monium
327 1543 481 1627 dicerent,
498 1565 571 1608 cum
589 1543 782 1628 praesertim
801 1564 840 1606 ex
860 1565 898 1608 ea
915 1545 1085 1628 provincia
1102 1564 1165 1608 con·

168 1630 318 1696 damnati
331 1631 397 1695 sint
415 1631 607 1716 complures,
630 1632 686 1716 qui
703 1632 750 1695 ibi
770 1634 937 1716 praetores
960 1631 1092 1716 fuerint,
1113 1631 1165 1694 duo

66 1741 69 1769 1
168 1719 231 1784 soli
245 1719 398 1804 absoluti,
416 1719 451 1783 hi
465 1741 550 1786 nunc
563 1719 698 1784 veniunt
712 1742 785 1785 cum
804 1719 1087 1802 litteris,‹veniunt
1104 1739 1165 1784 cum

168 1805 339 1890 mandatis,
348 1808 482 1875 veniunt
494 1829 565 1873 cum
577 1807 775 1873 testimoniis
786 1807 938 1892 publicis3
953 1808 1018 1892 qui,
1032 1809 1061 1873 si
1075 1812 1107 1872 te
1118 1827 1164 1892 pu·

167 1895 252 1962 blioe
266 1897 445 1980 laudarent,
463 1901 573 1961 tamen
586 1895 619 1960 id
633 1917 723 1961 more
736 1895 845 1980 potius
864 1917 923 1960 suo
943 1917 1042 1981 quam
1060 1895 1164 1962 meritc

167 1987 226 2048 tuo
239 1983 346 2049 facere
359 1985 552 2068 viderentur,
571 1984 601 2048 ei
615 2006 687 2049 cum
702 1984 740 2048 de
758 1983 823 2049 tuis
841 1983 938 2049 factis
956 1984 1085 2070 publice
1102 2004 1164 2049 con·

169 2074 355 2154 queruntur,
375 2093 482 2137 nonne
500 2071 562 2136 hoc
580 2071 733 2156 indicant,
755 2074 865 2137 tantas
884 2093 954 2137 esse
972 2072 1114 2156 iniurias,
1135 2073 1164 2134 ut

168 2159 272 2222 multo
282 2159 456 2223 maluerint
466 2158 505 2222 de
515 2181 573 2224 suo
584 2181 673 2224 more
683 2159 833 2227 decedere
844 2182 941 2245 quam
951 2161 990 2226 de
1001 2161 1067 2226 tuis
1081 2159 1165 2225 mori-

117 2254 167 2304 156
186 2245 247 2308 bus
279 2266 345 2310 non
375 2245 501 2310 dicere?
546 2244 774 2314 Confitendum
796 2253 847 2313 est
868 2249 971 2335 igitur
993 2246 1163 2316 necessario

168 2332 229 2396 tibi
252 2331 377 2399 Siculos
400 2333 548 2400 inimicos
572 2357 650 2419 esse,
674 2336 881 2420 quiquidem
906 2340 966 2418 [et]
989 2337 1025 2402 in
1047 2341 1080 2403 te
1103 2357 1163 2423 gra·

167 2419 303 2485 vissima
320 2422 488 2504 postulata
506 2423 692 2488 consulibus
716 2423 874 2489 ediderint
896 2429 930 2490 et
952 2447 1014 2510 me,
1036 2429 1074 2491 ut
1091 2426 1162 2490 hanc

168 2530 300 2574 causam
328 2511 507 2594 salutisque
535 2533 611 2576 suae
639 2511 857 2578 defensionem
882 2514 1092 2599 susciperem,
1116 2513 1162 2578 ob-

169 2597 339 2681 secrarint,
365 2599 421 2683 qui
444 2621 516 2664 cum
540 2621 559 2664 a
581 2602 731 2685 praetore
754 2601 1018 2686 prohiberentur,
1042 2625 1062 2668 a
1083 2603 1162 2685 quat·

168 2690 244 2752 tuor
266 2687 493 2771 quaestoribus
515 2687 758 2771 impedirentur,
781 2689 925 2754 omnium
948 2690 1054 2757 minas
1077 2694 1162 2773 atque

169 2775 279 2840 omnia
309 2773 452 2859 pericula
482 2796 561 2860 prae
594 2776 699 2840 salute
727 2798 785 2840 sua
811 2776 897 2842 levia
924 2778 1086 2862 duxerint,
1115 2773 1183 2860 quil

169 2863 276 2946 priore
304 2863 431 2929 actione
455 2862 503 2926 ita
526 2863 714 2928 testimonia
737 2864 882 2948 graviter
903 2841 1183 2950 vehementerqucl

170 2949 324 3034 dixerint,
359 2954 396 3016 ut
428 2949 639 3016 Artemonem
675 2948 923 3037 Centuripinum
959 2955 1103 3040 legatum
1135 2953 1183 3048 et,

168 3039 297 3120 publice
315 3042 434 3104 testem
452 3038 489 3114 Q.
503 3038 696 3103 Hortensius
716 3043 946 3126 accusatorem,
967 3064 1036 3108 non
1058 3045 1161 3108 testem
1182 3049 1183 3114 l

170 3143 240 3188 esse
272 3124 399 3192 diceret.
448 3125 578 3190 Etenim
610 3127 667 3190 ille
696 3150 768 3193 cum
796 3134 931 3214 propter
958 3130 1112 3196 virtutem
1135 3131 1183 3191 et}

168 3211 265 3276 fidem
279 3233 352 3277 cum
362 3213 525 3298 Androne,
542 3214 674 3279 homine
687 3215 917 3283 honestissimo
932 3222 965 3283 et
984 3219 1160 3296 certissimo,

168 3302 239 3361 tum
258 3298 358 3362 etiam
375 3305 509 3385 propter
528 3303 747 3386 eloquentiam
765 3304 894 3390 legatus
918 3329 937 3372 a
960 3307 1028 3371 suis
1052 3259 1183 3373 civibusl

169 3383 290 3446 electus
314 3388 378 3467 cst,
400 3391 437 3451 ut
458 3394 570 3471 posset
592 3391 713 3455 multas
735 3391 831 3456 istius
855 3397 888 3458 et
910 3394 1017 3460 varias
1041 3395 1158 3460 iniurias
1182 3403 1183 3416 ¹

169 3488 266 3550 quam
289 3471 493 3550 apertissime
516 3476 610 3541 vobis
633 3478 887 3564 planissimeque
911 3483 1081 3567 explicare.
