2402 3936
152 169 219 233 284
451 165 491 219 IN
508 165 539 221 C.
555 163 707 218 VERREM
723 162 803 218 ACT.
820 161 855 216 Π.

152 311 245 376 euius
261 309 351 376 modi
367 309 474 375 edicta
495 309 572 374 sint
605 306 661 372 Nn
678 323 827 390 romu,
848 305 967 390 inquit,
986 322 1033 370 nx
1053 323 1147 386 sans,

152 413 496 466 marmenem
535 393 1149 480 Satishaeemagnarisestedini

153 509 217 572 que
246 486 488 572 merendum
516 485 605 550 mlo
636 483 722 548 enim
752 483 828 568 plus
859 481 938 548 dara
966 502 1063 565 quam
1091 501 1150 544 non

152 580 282 641 mature
298 597 339 640 ex
355 595 433 640 area
452 573 580 638 tollere
612 571 661 637 Aa
680 571 748 636 ista
767 571 818 635 vis
837 567 1016 654 Septicium
1038 572 1072 634 et
1092 589 1151 632 non

151 665 263 729 nullos
291 661 414 747 Septici
444 661 569 726 similes
598 681 665 725 nou
695 662 836 742 meat,
866 658 924 742 qui
955 658 1004 722 ita
1034 656 1172 722 dieunt25

153 751 243 818 ‘Nou
258 751 376 816 tollam
393 750 516 834 potius,
536 769 635 832 quam
654 745 820 832 paciscar?
854 743 919 810 His
940 745 1004 810 boo
1026 743 1152 830 opponi

152 845 222 904 tur:
239 838 471 922 ‘Daportstnrn
486 837 611 901 babeas
629 839 704 900 ante
716 832 883 899 Kalendas
901 830 1062 898 Sextiles?
1097 831 1152 896 De-

152 926 295 1078 pprtsbo
319 925 434 1011 igitur.
476 923 567 989 ‘Nisi
589 927 707 1008 paetus
727 922 805 1005 eris,
830 943 896 986 non
919 917 1151 986 commovebis!

178 1015 207 1080 'c
221 1013 416 1099 deportandi
428 1013 497 1077 dim
508 1011 706 1098 praestituta
719 1010 838 1074 tollere
855 1009 997 1094 cogebat
1013 1030 1053 1074 er
1071 1027 1151 1086 area3

153 1102 334 1188 probibib'o
359 1100 512 1183 tollendi,
536 1100 602 1164 nisi
627 1102 744 1184 pactus
767 1101 867 1181 esset,
892 1097 960 1161 rim
983 1095 1181 1162 adhibebsto

153 1190 313 1276 pactioni,
332 1211 401 1256 non
420 1189 635 1254 voluntatem.

101 1247 146 1373 ἐξ
219 1278 292 1343 Iam
317 1299 398 1342 reru
422 1276 507 1342 illud
528 1296 596 1340 non
617 1275 724 1340 solum
745 1277 859 1340 eontra
881 1272 989 1358 legem
1012 1270 1151 1337 Hieroni

155 1385 227 1431 earn
244 1387 305 1431 nee
322 1365 430 1430 solum
447 1367 562 1429 eontra
581 1361 845 1428 consuetudinem
868 1360 1081 1444 superiorum,
1103 1357 1151 1424 sed

155 1453 256 1517 etiam
281 1456 397 1517 conus
423 1451 534 1516 omnis
558 1451 631 1515 iura
656 1447 852 1532 Siculorum,
878 1469 962 1532 quse
989 1448 1151 1514 habenta

155 1543 271 1604 senatu
287 1540 474 1624 populoque
490 1538 650 1622 Romano,
669 1559 710 1602 ne
728 1537 800 1621 quis
818 1539 914 1601 extra
933 1557 1032 1602 suum
1052 1535 1179 1601 foruna

154 1626 376 1692 vadimonium
411 1628 603 1712 promittere
639 1629 784 1710 cogatur.
841 1621 967 1688 Statuit
1001 1624 1080 1707 iste,
1114 1625 1151 1685 ul

155 1718 288 1780 arator
304 1713 527 1799 decumano,
548 1735 622 1799 quo
644 1714 767 1779 vellet
789 1712 1035 1796 decumanus,
1056 1709 1149 1776 radi·

154 1803 322 1868 monium
343 1803 611 1888 promitteret,
630 1805 670 1866 ut
687 1801 741 1866 hie
763 1821 890 1884 quoquc
906 1799 1067 1885 Apronio,
1086 1817 1150 1864 eum

155 1911 195 1955 er
216 1889 378 1956 Leontino
403 1912 506 1974 usque
533 1890 575 1954 ad
595 1889 787 1974 Lilybaeum
812 1888 955 1972 aliquem
976 1887 1149 1966 vederetur,

154 1998 195 2042 er
212 1978 341 2043 miseria
360 1978 546 2044 aratoribus
567 1976 785 2042 calumniandi
807 1979 962 2060 quaestus
985 1974 1179 2040 medaeas

154 2063 358 2147 Quamquam
384 2065 444 2128 illa
469 2064 534 2128 fuit
559 2063 601 2127 ad
622 2065 818 2128 calumniam
840 2063 1002 2148 singulari
1023 2061 1148 2128 oonsilio

154 2155 285 2234 reporta
314 2151 415 2232 ratio,
446 2151 533 2240 quod
558 2150 722 2236 edixerat,
748 2156 792 2216 ut
819 2155 995 2216 aratores
1025 2151 1149 2236 iugera

155 2237 348 2302 sationum
376 2258 529 2302 suarum
555 2237 852 2321 profiterentur.
897 2237 1064 2313 Quaeres
1085 2256 1147 2302 eum

155 2325 195 2391 ad
219 2325 389 2410 pactiones
409 2324 631 2408 iniquissimas
654 2348 808 2412 magnam
829 2327 896 2392 rim
917 2325 1049 2410 hebuit,
1076 2325 1149 2388 siout

155 2412 333 2497 ostendam,
354 2434 458 2498 noque
476 2413 518 2478 ad
535 2414 639 2478 ullam
656 2415 834 2480 utilitatem
851 2413 1068 2499 reipublicae
1088 2425 1176 2496 pers

153 2501 267 2584 tinuit,
292 2505 364 2566 tum
389 2521 468 2567 roro
494 2501 538 2567 ad
563 2502 755 2586 calumnias,
781 2502 817 2567 in
843 2523 924 2586 quas
947 2523 1061 2567 omues
1081 2497 1146 2564 inei·

101 2600 135 2651 aa
155 2589 276 2673 dorent,
297 2610 380 2673 quos
397 2589 500 2654 vellet
512 2589 685 2675 Apronius.
720 2589 769 2656 Ut
785 2590 874 2655 enim
891 2589 1027 2674 quisquc
1046 2592 1146 2655 contra

153 2679 357 2743 voluntatem
380 2677 449 2742 eius
469 2677 604 2761 dixerat,
625 2677 676 2742 ita
695 2678 730 2742 in
752 2699 826 2742 eum
847 2677 1002 2743 iudicium
1024 2677 1064 2742 de
1085 2694 1145 2760 pro

152 2764 293 2831 fossione
330 2764 480 2849 iugerum
516 2765 760 2850 postulabatur,
797 2765 888 2831 euius
921 2765 1034 2831 iudicii
1068 2766 1145 2830 melu

153 2873 292 2939 magnus
306 2873 327 2917 c
339 2853 453 2918 multis
465 2851 622 2918 frumenti
634 2874 788 2918 numeras
806 2852 936 2918 ablatus
955 2865 1173 2940 magnaequeu

152 2941 307 3022 pecuniae
338 2944 469 3006 coactae
501 2943 591 3022 sunt3
621 2962 688 3006 non
718 2961 782 3024 quo
811 2941 960 3026 iugerum
986 2957 1143 3006 numerum

152 3046 239 3176 {351
258 3027 930 3201 lall¹lll⁹tffil⁰liulllllllt
953 3029 1058 3202 &3233
1079 3045 1142 3176 {t

152 3219 251 3264 causa
268 3206 340 3266 erat
355 3202 466 3268 iudicii
483 3202 681 3287 postulandi,
703 3204 789 3287 quod
806 3224 846 3268 ex
864 3204 969 3272 edicto
991 3165 1139 3290 prof'eesus

152 3305 218 3381 non
236 3291 330 3351 esset.
370 3287 528 3355 Iudicium
548 3295 659 3356 autem
682 3292 768 3374 quod
789 3290 888 3356 fuerit
910 3291 975 3358 isto
997 3293 1170 3378 praetcrea

153 3388 195 3449 ⁵1,
223 3391 305 3450 quac
332 3373 449 3438 cohors
477 3378 510 3440 et
537 3377 593 3460 qui
618 3378 790 3444 comitatus
813 3377 925 3462 fuerit,
952 3376 1139 3455 meministis,

153 3452 234 3516 “circ
262 3454 394 3522 debetis.
440 3460 524 3534 Quid
551 3464 653 3547 igitur
680 3467 742 3549 est,
774 3466 861 3548 quod
887 3488 926 3531 ex
953 3467 1015 3533 hae
1040 3461 1138 3547 iniqui·
