2392 3944
269 205 336 259 uls.
354 205 381 258 11
408 204 484 262 OAP.
500 211 605 262 41-43
624 211 639 273 s
659 212 806 262 101-106.
978 207 1041 273 237

51 349 201 433 docerent,
219 349 258 414 de
272 346 387 414 Stheni
400 349 589 414 calamitate
603 353 734 433 questos
751 370 830 432 esse,
848 355 1043 435 propterque

50 438 125 502 hene
141 437 300 520 iniurium,
323 459 406 522 quse
426 435 560 502 Sthenio
577 437 667 503 fecta
685 441 781 522 esset,
802 459 858 504 eos
881 439 1044 523 statuisse,

50 526 160 610 uther,
179 526 265 610 quod
283 525 363 609 dico,
380 525 610 610 postularetur.
642 524 730 601 Quae
748 548 822 591 oum
839 525 888 590 ite
907 531 1025 609 essent,
1045 541 1096 590 104

49 618 173 678 tantane
196 615 338 679 amentio
359 614 524 698 praeditus
548 618 646 697 etque
669 613 804 680 audacia
825 614 927 698 fuisti,
949 619 986 679 ut
1008 615 1043 681 in

28 719 78 766 tre
102 706 170 768 tsm
198 703 301 785 olore,
327 705 397 766 tum
424 705 559 785 testata,
585 706 655 766 tem
682 703 741 768 abs
764 703 891 787 teipso
914 702 1042 788 peruul-

49 794 119 876 gato
134 790 267 855 tebules
285 790 433 874 publicus
455 811 660 874 corrumpere
684 790 840 856 auderes?
876 790 923 856 At
945 813 1042 876 quem

49 878 240 944 admodum
267 878 462 963 corrupisti?
493 899 600 942 nonne
628 879 688 963 its,
715 883 753 944 ut
775 878 924 946 omnibus
945 880 1041 945 nobis

48 966 223 1032 terrentibus
240 967 331 1050 ipsse
348 971 424 1031 tuse
441 971 474 1031 te
496 967 629 1032 tebulse
652 967 864 1032 condemnere
885 969 1042 1052 possent?

48 1052 138 1139 Oedo,
157 1076 291 1138 quaese,
314 1053 468 1138 codicem,
491 1055 675 1137 circumfer,
698 1055 839 1120 ostende.
874 1053 1042 1120 Videtisne

19 1143 101 1207 ehoe
124 1147 233 1208 toturn
259 1164 391 1224 nomen,
417 1164 528 1208 eorem
552 1143 609 1207 ubi
629 1142 710 1207 fucit
732 1143 888 1226 deletum,
915 1164 985 1208 esse
1007 1143 1043 1208 in
1176 1147 1178 1151 ’

48 1231 159 1295 lituro?
196 1229 280 1306 Quid
296 1230 360 1295 fuit
377 1231 452 1296 istic
469 1234 567 1296 untes
584 1231 763 1314 seriptum?
787 1229 873 1314 quod
890 1229 1042 1298 mendum

47 1319 103 1384 ista
121 1319 224 1384 litura
241 1317 402 1384 correxit?
438 1317 522 1394 Quid
543 1341 564 1383 a
585 1319 690 1402 nobis,
711 1318 842 1401 iudices,
865 1319 1042 1404 expectetis

48 1411 232 1492 argumenta
262 1406 359 1472 huius
390 1406 557 1472 criminis?
607 1405 699 1472 Nihil
729 1407 878 1490 dicimus3
909 1407 1043 1474 tabulae

49 1496 166 1559 suntin
185 1494 301 1579 medio,
324 1515 406 1577 quse
425 1517 459 1560 se
477 1498 646 1580 corruptus
665 1498 762 1579 atque
785 1495 948 1562 interlitas
970 1517 1042 1564 esse

21 1582 191 1648 uclsmant
236 1581 288 1648 Ex
313 1583 366 1648 his
395 1583 495 1648 etium
521 1589 559 1648 tu
585 1583 682 1648 rebus
710 1584 851 1670 effugere
873 1588 906 1650 te
929 1605 1024 1669 posse
1044 1598 1095 1647 105

48 1671 181 1754 confidis,
205 1693 279 1736 eum
295 1673 328 1736 te
349 1692 410 1736 nos
431 1693 498 1737 non
520 1671 671 1755 opinione
694 1671 801 1755 dubio,
823 1672 880 1738 sed
902 1673 968 1738 tuis
991 1694 1042 1739 ve·

49 1759 144 1844 stigiis
172 1779 416 1842 persequamur,
443 1781 525 1842 quae
552 1763 589 1824 tu
615 1760 651 1823 in
677 1759 800 1824 tabulis
826 1759 966 1844 publicis
991 1781 1042 1824 ex·

48 1868 149 1930 pressu
169 1869 207 1912 se
225 1847 365 1912 recentis
382 1847 566 1930 reliquisti?
600 1847 633 1912 Is
652 1846 733 1912 mihi
752 1846 850 1910 etiem
870 1845 1041 1912 Sthenium

49 1934 166 2000 litteras
193 1935 341 2020 publices
366 1935 548 2018 corrupisse
570 1956 668 2000 ceusu
689 1933 857 2020 incognite
878 1933 1042 2017 iudicavit,

22 2024 95 2104 ”qui
120 2022 292 2088 defendere
322 2044 389 2087 non
419 2023 541 2106 poterit
573 2044 607 2088 se
637 2043 705 2088 non
734 2023 771 2087 iu
796 2021 899 2106 ipsius
927 2019 1042 2087 Stheni

49 2112 167 2176 nomine
190 2111 319 2175 litteras
342 2111 489 2196 publices
513 2111 716 2195 corrupisse?

101 2199 221 2265 Videte
238 2220 336 2283 porro
356 2198 455 2264 ulium
476 2199 660 2282 amentiam,
678 2199 794 2282 videte,
812 2201 857 2282 ut,
875 2198 952 2266 dum
971 2221 1024 2264 ex·
1045 2177 1095 2306 ff}

48 2287 145 2368 pedire
161 2308 233 2352 sese
245 2287 325 2370 vult,
338 2287 460 2388 indust
483 2285 694 2374 Cognitorem
710 2286 845 2388 sspribit
851 2284 989 2352 Sthenio
1001 2323 1040 2334 -

22 2369 1042 2547 itttttttttttttsstttttrtttttuttbdtt

49 2547 89 2614 Ne
112 2550 147 2617 id
171 2551 310 2636 quidem.
349 2549 397 2615 At
420 2548 577 2633 Siculum,
602 2551 639 2615 in
661 2573 725 2635 quo
748 2551 866 2636 aliquis
891 2552 1043 2635 splendor

49 2637 245 2724 dignitasque
276 2639 384 2704 esset?
434 2638 613 2704 Neminem.
669 2637 753 2714 Quid
784 2639 885 2725 ergo?
931 2637 1043 2704 Oivem

49 2721 230 2793 Romanum.
267 2727 327 2792 Oui
345 2727 406 2792 hoo
424 2727 558 2811 probsri
575 2728 706 2812 potest?
744 2724 826 2792 Cum
846 2730 932 2792 esset
950 2723 1043 2790 Sthe·

49 2814 110 2880 nius
123 2815 268 2880 ciuitatis
282 2837 359 2880 suae
372 2815 604 2898 nobilissimus,
621 2814 826 2901 amplissime
840 2813 1042 2900 cognatione,

23 2903 188 2983 ³⁰plu1·imis
212 2902 372 2986 amicitiis,
395 2925 468 2969 curn
490 2907 657 2987 praeterea
678 2907 750 2972 tota
769 2900 879 2967 Sicilia
901 2901 1043 2966 multum

49 2992 233 3056 auctoritate
247 2995 280 3056 et
298 2991 405 3078 grstia
423 2996 543 3076 posset,
560 2991 705 3056 inuenire
721 2989 884 3056 neminem
898 2985 1042 3055 Siculum

9 3143 11 3150 χ
49 3079 158 3163 potnit,
185 3080 243 3162 qui
271 3081 342 3164 [pro
369 3081 416 3160 se]
441 3080 590 3165 cognitor
611 3078 725 3144 fieret?
769 3075 843 3144 Hoc
863 3076 1042 3161 probabis?

9 3169 11 3250 j
49 3163 94 3230 An
118 3167 188 3251 ipse
211 3167 314 3232 civem
336 3166 520 3232 Romanum
542 3167 681 3232 maluit?
722 3163 823 3249 Oedo,
850 3164 902 3230 cui
924 3161 1043 3248 Siculo,

9 3257 10 3300 ἒ
49 3271 112 3318 euru
128 3255 157 3320 is
175 3276 250 3320 reus
268 3255 369 3338 fieret,
392 3255 472 3320 civis
490 3255 656 3321 Romanus
675 3253 827 3338 cognitor
847 3251 952 3318 factus
976 3274 1042 3321 um·

9 3347 137 3420 'squam
164 3343 217 3410 sit.
262 3341 414 3407 Omnium
440 3346 628 3428 praetorum
654 3341 795 3426 litteras,
823 3341 879 3424 qui
906 3345 981 3407 ante
1009 3345 1043 3408 te

9 3469 11 3522 7
49 3425 180 3513 luerunt,
206 3431 331 3514 profer,
358 3431 494 3514 explics3
522 3432 551 3496 si
572 3452 672 3496 unum
694 3429 869 3511 inveneris,
897 3449 957 3514 ego
981 3430 1043 3495 hoe

9 3599 11 3606 γ
49 3513 115 3600 tibi,
140 3519 297 3602 quemad
319 3519 451 3585 modum
474 3519 509 3584 in
530 3518 653 3584 tabulis
677 3517 834 3602 scriptum
856 3517 972 3598 habes,
995 3517 1042 3580 ite
