2386 3938
366 135 442 192 GAP.
457 141 525 192 5-7
544 141 560 224 5
580 143 691 192 15-20.
988 137 1030 200 87

41 279 142 346 Roscio
161 279 248 365 apud
260 279 411 346 Pisonem
430 280 522 346 dieo?
551 280 707 368 Ignotum
724 281 889 347 homiuem
908 281 1032 346 scilicet

41 368 173 452 pluribus
196 368 304 434 verbis
328 368 527 434 commendo.
566 368 670 434 Estne
694 369 865 455 quisquam
888 369 1032 434 omnium

41 457 227 542 mortalium,
254 457 293 522 de
321 478 385 541 quo
412 457 529 522 melius
557 458 722 523 existimes
746 458 806 523 tu?
833 460 925 522 estne
948 458 1032 541 quia·

41 566 130 629 qoam,
154 545 213 629 qui
229 545 293 610 tibi
309 545 431 630 purior,
453 545 634 631 pudentior,
653 546 835 630 humanior,
858 544 1033 611 officiosior

21 633 256 718 elibemliorque
278 633 450 700 videatur?
486 633 591 710 Quid?
617 637 670 718 tu,
694 631 817 718 Saturi,
841 634 896 718 qui
919 637 1034 699 contra

39 721 110 785 hunc
130 722 236 806 venis,
263 721 432 787 existimas
455 722 574 788 aliter?
601 743 721 808 nonne,
747 723 1033 807 quotienscumque

41 809 186 875 insama
217 810 253 874 in
283 831 403 875 nomen
429 811 526 876 huius
552 809 708 896 incidisti,
739 811 860 876 totiens
887 809 973 877 huuc
1000 813 1034 875 et

41 897 129 962 vium
147 899 272 963 bonum
289 920 361 964 esse
379 897 490 963 dixisti
508 901 542 963 et
559 898 692 964 honoria
713 921 811 965 causa
833 898 1033 984 appellasti?

41 986 109 1068 quod
133 1007 231 1052 nemo
258 987 324 1052 nisi
352 990 409 1052 aut
433 986 665 1053 honestissimo
688 991 745 1052 aut
768 987 963 1053 amicissimo
986 986 1033 1051 fa·

14 1089 97 1137 rcere
112 1074 290 1140 consuevit
332 1074 403 1152 Qua
419 1075 454 1140 in
475 1095 511 1140 re
533 1075 615 1140 mihi
636 1075 770 1140 ridicule
792 1097 828 1140 es
849 1075 939 1140 visus
963 1094 1033 1140 esse
1052 1086 1086 1136 le

40 1161 227 1247 inconstans,
260 1163 316 1248 qui
347 1162 482 1229 eundem
514 1166 548 1228 et
574 1163 718 1228 laederes
746 1167 780 1228 et
805 1162 968 1246 laudares,
1001 1165 1034 1227 et

41 1249 128 1315 virum
155 1251 322 1336 optimum
349 1256 382 1316 et
408 1251 573 1317 hominem
595 1251 873 1337 improbissimum
896 1271 967 1316 esse
989 1250 1034 1315 di·

41 1359 119 1403 ceres.
157 1340 311 1406 Eundem
328 1342 366 1405 tu
387 1344 421 1404 et
442 1339 576 1405 honoris
599 1361 698 1404 causa
720 1339 911 1425 appellabas
933 1343 967 1404 et
988 1339 1034 1404 vi·

42 1447 97 1490 run
121 1429 318 1513 primarium
345 1449 416 1493 esse
440 1428 570 1494 dicebas
593 1432 628 1492 et
650 1427 772 1494 socium
794 1427 962 1494 fraudasse
984 1449 1034 1492 ar·

17 1515 167 1597 agnetae?
213 1514 289 1600 Sed,
321 1519 359 1581 ut
385 1516 514 1602 opinor,
543 1516 672 1582 laudem
699 1517 831 1582 veritati
857 1517 1034 1600 tribuebas,

45 1603 144 1670 cdmcn
177 1605 309 1691 gratiae
337 1604 547 1689 concedebas;
579 1605 619 1670 de
644 1605 719 1690 hoo,
749 1609 788 1670 ut
814 1605 1034 1688 existimabas,

46 1693 253 1776 praedicabas,
277 1691 440 1759 Chaereae
462 1693 625 1759 arbitratu
647 1714 779 1760 causam
802 1694 933 1780 agebas.

93 1779 271 1848 mondavit
287 1781 440 1848 Roscius!
470 1781 533 1848 Eat
551 1781 613 1848 hoo
636 1781 764 1866 quidem
787 1781 929 1866 primum
952 1779 1073 1848 auri-l

44 1865 91 1932 bus
116 1871 301 1955 animisque
330 1871 476 1936 omnium
503 1870 688 1936 absurdum.
737 1867 821 1945 Quid
848 1868 878 1932 si
903 1867 1035 1932 tandem

16 1954 167 2040 ’siquem
191 1958 328 2024 divitem
351 1958 514 2042 timidum,
541 1959 736 2041 dementem,
760 1957 899 2021 inertem
920 1959 1035 2020 nactus

45 2049 125 2129 esset,
156 2047 216 2130 qui
247 2046 388 2131 experiri
417 2067 484 2111 non
513 2047 648 2132 posset?
694 2045 817 2110 Tamen
847 2043 1035 2110 incredibile

46 2137 120 2198 esset.
158 2133 287 2200 Verum
313 2136 437 2218 tamen,
464 2154 560 2219 quem
581 2134 755 2219 fraudarit,
781 2132 957 2198 videamus.
999 2129 1034 2198 Ο.
1053 2145 1088 2194 20

45 2215 187 2288 Fannium
206 2219 386 2287 Chaeream
404 2221 540 2288 Raecius
558 2221 736 2288 fraudarit!
772 2220 837 2287 Oro
859 2225 957 2307 atque
980 2221 1035 2287 ob·

46 2327 117 2374 seero
129 2332 201 2396 vos,
220 2311 275 2395 qui
288 2310 403 2394 nostis,
420 2311 523 2376 vitam
539 2311 625 2375 inter
643 2332 678 2376 se
695 2311 864 2396 utriusque
883 2309 1036 2392 conferte,

23 2397 89 2477 ¹⁵qui
106 2419 173 2464 non
195 2398 317 2482 nostis,
339 2398 456 2463 faciem
478 2398 647 2482 utriusque
670 2398 879 2464 considerate.
919 2397 1036 2464 Nonne

47 2481 133 2566 ipsum
164 2490 266 2572 caput
298 2490 332 2552 ct
360 2486 533 2572 supercilia
559 2486 620 2551 illa
645 2487 774 2572 penitus
803 2487 922 2553 abrasa
948 2487 1036 2551 olere

49 2573 189 2641 melfiam
210 2575 251 2640 'et
276 2574 444 2642 clamitare
467 2574 681 2640 calliditatem
701 2573 874 2640 videntur?
904 2594 972 2638 non
993 2572 1036 2638 ab

48 2657 105 2726 inis
129 2663 296 2750 unguibus
318 2685 421 2748 usque
443 2663 485 2728 ad
506 2663 661 2728 verticem
684 2683 858 2746 summum,
887 2663 916 2727 si
938 2681 1036 2745 quam

49 2750 249 2818 uniecturam
281 2752 376 2817 affert
406 2750 593 2817 hominibus
620 2751 722 2816 tacita
749 2751 894 2836 corporis
921 2750 1036 2834 figura,

9 2843 77 2902 {lex
92 2838 210 2925 bande,
231 2839 381 2924 fallaciis,
405 2839 579 2906 mendaciis
602 2843 752 2906 constare
774 2843 865 2905 totus
888 2836 1036 2902 videtur?

9 2931 10 2938 ’
50 2925 92 3005 qui
114 2928 232 2994 idcirco
260 2929 367 3014 capito
389 2933 423 2995 et
446 2927 626 3013 superciliis
649 2949 776 3014 semper
799 2931 850 2992 est
872 2925 970 3007 rasis,
995 2945 1036 2990 ne

9 3039 10 3090 1
50 3011 256 3102 alumpnum
273 3017 336 3083 viri
354 3018 432 3083 boni
449 3017 569 3083 habere
589 3016 728 3101 dicatum
751 3015 841 3082 cuias
863 3033 1037 3099 personam

9 3111 10 3140 l
51 3104 195 3180 praeclare
215 3103 353 3170 Roscius
375 3105 411 3169 in
434 3125 550 3170 scaena
570 3109 714 3171 tractare
736 3102 912 3187 consuerit,
934 3122 1037 3187 neque

9 3255 10 3264 ,
52 3188 141 3256 bnon
175 3213 236 3279 pro
271 3193 427 3259 beneficio
462 3193 492 3258 ei
522 3215 582 3278 par
614 3193 722 3279 gratia
753 3191 901 3257 refertur.
950 3189 1037 3257 Nam

30 3270 214 3346 ¹⁵Ballionem
240 3281 335 3347 illum
356 3280 635 3367 improbissimum
658 3284 692 3346 et
714 3280 972 3366 periurissimum
994 3279 1038 3343 le-

8 3435 10 3472 ,
53 3381 157 3472 nonem·
175 3391 248 3436 oum
275 3371 367 3472 agit,
388 3369 459 3471 agit
483 3368 688 3472 Obaereamq·
702 3377 842 3454 persona
868 3368 936 3468 illa.
954 3367 1038 3432 lutu-

8 3479 10 3524 ι
54 3448 574 3545 leuta,1mpura‚1nvrsa1nhu1us
593 3457 747 3540 moribus,
769 3459 888 3521 natura
906 3460 1038 3536 utaque
