2422 3952
336 169 411 230 οΔΡ.
430 175 535 228 ιιι-ιι
553 177 569 238 s
589 176 737 228 roe-ies.
1001 177 1042 240 75

51 316 172 400 pheeat,
193 313 392 399 vituperem
413 335 480 380 non
497 313 583 380 enim
601 335 723 398 vereor,
745 317 877 400 nequis
900 313 1042 384 alienum

51 425 93 468 ne
113 402 253 472 animum
275 401 427 468 habuisse
450 424 470 468 e
491 422 589 470 oense
611 401 795 470 nobilitatis
817 404 990 472 existimet.

105 488 214 558 Sciunt
235 490 273 574 ii,
300 490 357 574 qui
378 512 430 556 me
452 494 586 574 norunt,
613 512 664 556 me
687 512 747 576 pro
769 513 843 558 mse
864 493 956 558 tenui
977 495 1023 559 in-
1045 475 1095 600 ἑξ

52 580 191 664 firmeque
213 581 321 666 perte,
349 567 563 664 posteoqiiem
585 579 631 662 id,
654 579 740 664 quod
763 580 903 646 maxime
925 581 1024 666 volui,

32 668 109 734 steri
131 688 198 736 non
224 666 346 750 potuit,
373 670 410 732 ιιι
432 671 692 752 componeretur,
720 667 754 734 id
776 669 915 734 monime
938 669 1044 736 deten-

51 756 134 840 disse,
161 759 198 822 ut
221 754 247 820 ii
267 755 445 838 murone,
475 755 532 839 qui
553 755 707 822 uiderunt.
752 755 831 834 Quis
855 758 942 824 enim
963 763 1044 842 erut,

51 844 179 928 quinon
200 842 325 913 videret
347 842 567 912 humilitatem
590 865 662 910 enm
685 843 844 930 dignitate
867 845 906 911 de
929 847 1044 931 ampli-

50 932 145 998 tudine
168 929 383 1000 eontendure?
403 953 469 1016 quo
492 931 528 998 in
544 931 719 998 eertumine
737 933 857 1018 perditi
874 935 955 1000 civis
972 940 1044 1001 erut

50 1041 103 1086 non
128 1041 163 1088 se
190 1019 233 1084 ed
260 1040 315 1085 eos
342 1018 489 1106 iungere,
516 1019 634 1104 quibus
658 1020 877 1087 incolumibus
899 1026 934 1088 et
956 1023 1044 1089 domi

23 1108 179 1194 ndignitos
202 1111 236 1174 et
257 1107 338 1173 foris
359 1107 536 1174 auotoritas
552 1107 756 1174 retineretur.
792 1108 882 1186 Quee
900 1110 1044 1195 perfeeto

49 1217 108 1262 esso
132 1200 167 1262 ot
193 1217 289 1262 suum
316 1196 430 1280 euiquo
460 1196 617 1262 honorem
649 1201 682 1262 et
714 1195 852 1282 gradum
883 1198 1044 1264 redditum

50 1285 175 1370 gaudeo,
208 1283 344 1368 iudices,
375 1283 646 1369 uehementerque
674 1285 779 1352 leotor
806 1307 907 1371 euque
935 1287 1044 1353 omniu

50 1373 170 1440 deorum
191 1373 375 1455 voluntate,
404 1371 512 1438 studio
534 1373 648 1458 populi
670 1371 825 1459 Romani,
851 1375 987 1440 oonsilio
1011 1379 1044 1441 et

50 1461 172 1546 inperio
201 1463 235 1529 et
261 1460 418 1526 felicitate
445 1460 481 1526 L.
508 1458 618 1528 Sullae
649 1466 745 1548 geste
776 1483 846 1528 esse
877 1463 1044 1550 intellego.

24 1571 42 1613 u
51 1548 130 1625 Quod
139 1547 399 1616 animadversum
408 1551 459 1614 est
470 1549 506 1614 in
519 1570 584 1632 eos,
603 1549 659 1634 qui
670 1554 785 1616 eontra
798 1551 887 1617 omni
900 1553 1027 1618 ratione
1047 1575 1097 1624 ιιι

51 1641 237 1724 pugnarunt,
264 1657 331 1702 non
353 1636 453 1704 debeo
476 1637 722 1723 reprehendere;
743 1639 831 1724 quod
851 1640 931 1705 viris
954 1639 1045 1706 forti·

51 1725 112 1810 hus,
138 1747 276 1810 quorum
298 1746 398 1810 opere
418 1725 537 1790 'eximio
559 1726 594 1791 in
615 1727 712 1792 rebus
736 1727 885 1812 gerendis
908 1728 1045 1812 exstitit,

50 1813 138 1880 honos
170 1813 303 1883 nebien
336 1818 399 1897 est,
430 1813 536 1879 leudo.
587 1814 676 1890 Quae
703 1817 741 1879 ut
766 1814 894 1898 fierent,
925 1815 1044 1880 ideireo

50 1906 218 1988 pugmtum
245 1923 316 1968 esse
343 1901 484 1968 arbitror
510 1923 625 1987 meque
651 1902 687 1966 in
710 1922 750 1966 eo
771 1901 879 1967 studio
901 1903 1045 1987 portium

23 1989 136 2058 efuiese
164 1991 330 2057 confiteor.
374 1987 431 2055 Sin
458 1993 566 2056 sutem
592 1989 627 2055 id
652 1993 761 2056 uotum
789 1993 840 2055 est
867 1994 900 2055 et
926 1990 1045 2056 ideireo

51 2100 128 2146 erne
140 2082 273 2163 sumptu
286 2081 371 2161 sunt,
389 2081 427 2142 ut
439 2077 586 2144 homiues
600 2078 759 2164 postremi
771 2079 915 2163 pecuniis
930 2078 1045 2145 olienis

51 2167 314 2252 locupletarentur
331 2170 365 2230 et
383 2165 583 2232 infortuniis
601 2167 696 2232 unius
716 2167 868 2251 cuiusque
885 2167 1045 2252 impetum

50 2253 187 2340 luoerent,
209 2258 244 2319 et
265 2254 299 2319 id
321 2275 387 2320 non
409 2254 504 2321 modo
527 2276 562 2319 re
584 2255 756 2340 prohibere
777 2276 845 2321 non
871 2256 961 2341 lieet,
989 2258 1046 2322 sed

50 2364 82 2406 ue
100 2343 208 2410 verbis
231 2341 361 2428 quidem
383 2340 576 2428 vituperare,
599 2347 670 2408 tum
690 2364 768 2409 vero
789 2343 857 2409 isto
874 2344 962 2410 bello
980 2367 1046 2411 non

25 2435 199 2497 eruerentus
227 2451 331 2514 neque
352 2429 534 2516 restitutus„
555 2430 612 2496 sed
629 2432 783 2497 subactus
807 2453 1044 2519 oppressusque

51 2521 175 2604 popolus
194 2517 363 2584 Romanus
381 2523 440 2584 est
475 2516 597 2584 Verum
620 2519 718 2606 longe
740 2520 837 2588 uliter
859 2524 922 2606 est3
944 2521 1097 2593 nihilne

51 2606 152 2674 horum
179 2610 244 2692 est,
278 2605 407 2672 iudiees.
456 2604 532 2672 Non
559 2606 654 2676 modo
682 2628 749 2673 non
774 2608 921 2674 laedetur
948 2631 1046 2675 ceusu

51 2695 236 2780 nobilitatis,
258 2694 287 2760 si
307 2693 381 2760 istis
403 2694 590 2761 hominibus
612 2695 786 2775 resistetis,
811 2717 923 2762 verum
946 2697 1046 2762 etium

51 2784 215 2850 emetitur.
260 2780 391 2850 Etenim
414 2782 471 2868 qui
491 2783 570 2849 haee
592 2783 777 2868 vituperare
799 2785 924 2869 volunt,
946 2782 1046 2868 (thry-
1055 2790 1098 2854 48

24 2889 197 2958 emgonum
218 2873 349 2938 tuntum
370 2890 466 2957 posse
485 2875 675 2955 queruntur3
698 2873 754 2956 qui
771 2872 905 2937 laudere
922 2871 1046 2954 volunt,

51 2981 226 3026 eonoessum
249 2959 367 3025 einen
389 2979 460 3024 esse
483 2964 746 3026 commemorent.
791 2959 841 3024 Ae
870 2959 936 3024 iem
963 2959 1047 3024 nihil

51 3052 102 3132 ee,
129 3047 217 3134 quod
244 3047 416 3132 quisquam
439 3050 587 3114 nuttam
610 3048 730 3114 stultus
754 3050 811 3112 ent
833 3052 903 3112 tom
925 3047 1047 3134 impro-

52 3133 100 3200 bus
125 3137 183 3221 sit,
211 3136 268 3220 qni
294 3135 393 3202 dicet:
426 3133 565 3201 ‘Vellem
594 3136 723 3222 quidem
750 3136 875 3219 liueret3
909 3136 970 3204 hoo
1002 3137 1047 3202 di-

52 3222 178 3290 xissem'.
223 3223 321 3290 Diues
350 3223 435 3292 lieet.
485 3221 567 3290 ‘Hoo
595 3223 766 3290 fecissem!
811 3221 925 3290 Fusius
957 3225 1046 3309 lieet3

28 3327 130 3378 eremo
162 3311 323 3398 prohibet.
373 3309 456 3377 ‘Hoo
485 3311 716 3379 decrevissem?
761 3312 918 3398 Decerne,
950 3314 1047 3379 modo

54 3404 137 3485 retu
159 3421 272 3466 omnes
295 3399 531 3485 adprobobunt.
565 3399 650 3465 ‘Hoc
672 3399 885 3466 indicassem?
921 3399 1048 3466 Laude-

53 3483 120 3554 bunt
137 3509 258 3572 omnes,
275 3489 305 3554 si
325 3491 411 3554 reete
430 3491 463 3554 et
481 3487 592 3554 ordine
606 3487 766 3552 iudiceris
798 3487 885 3552 Dum
898 3507 1029 3553 neeesse
1049 3506 1098 3554 ιιι
1192 3537 1193 3540 ,
